@InProceedings{DBLP:conf/globecom/MatsumineKO18,
  author       = {Toshiki Matsumine and Brian M. Kurkoski and Hideki
                  Ochiai},
  title        = {Construction {D} Lattice Decoding and Its
                  Application to {BCH} Code Lattices},
  booktitle    = {{IEEE} Global Communications Conference},
  year         = 2018,
  pages        = {1-6}
}

@Booklet{GRS:_essential_coding_theory,
  title        = {Essential Coding Theory},
  author       = {Venkatesan Guruswami and Atri Rudra and Madhu Sudan},
  month        = {March},
  year         = 2019,
  note         =
                  {\url{https://cse.buffalo.edu/faculty/atri/courses/coding-theory/book/web-coding-book.pdf}}
}

@InProceedings{DBLP:conf/isit/MicciancioN08,
  author       = {Daniele Micciancio and Antonio Nicolosi},
  title        = {Efficient bounded distance decoders for
                  {Barnes}-{Wall} lattices},
  booktitle    = {{IEEE} International Symposium on Information Theory
                  (ISIT)},
  year         = 2008,
  pages        = {2484-2488}
}

@Article{DBLP:journals/tit/KoetterV03a,
  author       = {Ralf Koetter and Alexander Vardy},
  title        = {Algebraic soft-decision decoding of {Reed-Solomon}
                  codes},
  journal      = {{IEEE} Trans. Inf. Theory},
  year         = 2003,
  volume       = 49,
  number       = 11,
  pages        = {2809-2825}
}

@InProceedings{KoetterV01:_optimal_weight,
  author       = {Ralf Koetter and Alexander Vardy},
  title        = {Optimal weight assignment for algebraic soft
                  decoding},
  booktitle    = {Thirty-Fifth Asilomar Conference on Signals, Systems
                  and Computers},
  year         = 2001,
  pages        = {280-284}
}

@Article{DBLP:journals/tit/GuruswamiS99,
  author       = {Venkatesan Guruswami and Madhu Sudan},
  title        = {Improved decoding of {Reed}-{Solomon} and
                  algebraic-geometry codes},
  journal      = {{IEEE} Trans. Inf. Theory},
  year         = 1999,
  volume       = 45,
  number       = 6,
  pages        = {1757-1767},
  note         = {Preliminary version in FOCS 1998},
  prelimyear   = 1998
}

@Article{DBLP:journals/jc/Sudan97,
  author       = {Madhu Sudan},
  title        = {Decoding of {Reed} {Solomon} Codes beyond the
                  Error-Correction Bound},
  journal      = {J. Complex.},
  year         = 1997,
  volume       = 13,
  number       = 1,
  pages        = {180-193}
}

@Article{BoseRayChaudhuri,
  author       = {Raj C. Bose and Dijen K. {Ray-Chaudhuri}},
  title        = {On a class of error correcting binary group codes},
  journal      = {Information and Control},
  year         = 1960,
  volume       = 3,
  number       = 1,
  pages        = {68-79}
}

@Article{ReedSolomon,
  author       = {Irving S. Reed and Gustave Solomon},
  title        = {Polynomial Codes Over Certain Finite Fields},
  journal      = {Journal of the Society for Industrial and Applied
                  Mathematics},
  year         = 1960,
  volume       = 8,
  number       = 2,
  pages        = {300-304}
}

@Article{hocquenghem59:_codes,
  author       = {Alexis Hocquenghem},
  title        = {Codes correcteurs d'erreurs},
  journal      = {Chiffres},
  year         = 1959,
  volume       = 2,
  pages        = {147-156}
}

@Article{elias-zero-error,
  author       = {Peter Elias},
  title        = {Zero error capacity under list decoding},
  journal      = {{IEEE} Transactions on Information Theory},
  year         = 1988,
  volume       = 34,
  number       = 5,
  pages        = {1070-1074},
  month        = {September},
  note         = {Originally appeared as {\it {Q}uarterly Progress
                  Report}, vol. 48, pp. 88-90, Research Laboratory of
                  Electronics, MIT, January 1958}
}

@Article{wozencraft,
  author       = {John M. Wozencraft},
  title        = {List Decoding},
  journal      = {Quarterly Progress Report, Research Laboratory of
                  Electronics, MIT},
  year         = 1958,
  volume       = 48,
  pages        = {90-95}
}
