@Misc{glp21:_sumhash_spec,
  author       = {Yossi Gilad and David Lazar and Chris Peikert},
  title        = {Subset-Sum Hash Specification},
  howpublished =
                  {\url{https://github.com/algorand/go-sumhash/blob/master/spec/sumhash-spec.pdf}},
  month        = {September},
  year         = 2021
}

@Misc{khovratovich22:_sumhash_analysis,
  author       = {Dmitry Khovratovich},
  title        = {Cryptanalysis of the {Algorand} Subset-Sum Hash
                  Function},
  howpublished =
                  {\url{https://crypto.ethereum.org/blog/algorand-hash-analysis}},
  year         = 2022,
  note         = {Version dated June 14, 2022}
}

@Misc{cryptoeprint:2021/062,
  author       = {Dominique Unruh},
  title        = {Compressed Permutation Oracles (And the
                  Collision-Resistance of Sponge/{SHA3})},
  howpublished = {Cryptology ePrint Archive, Paper 2021/062},
  year         = 2021,
  note         = {\url{https://eprint.iacr.org/2021/062}},
  url          = {https://eprint.iacr.org/2021/062}
}

@TechReport{irtf-cfrg-vrf,
  author       = {Sharon Goldberg and Leonid Reyzin and Dimitrios
                  Papadopoulos and Jan V{\v{c}}el{\'a}k},
  title        = {{Verifiable Random Functions (VRFs)}},
  institution  = {IETF Secretariat},
  year         = 2022,
  type         = {Internet-Draft},
  number       = {draft-irtf-cfrg-vrf},
  note         = {Working Draft,
                  \url{https://datatracker.ietf.org/doc/draft-irtf-cfrg-vrf}}
}

@TechReport{irtf-cfrg-hash-to-curve,
  author       = {Armando Faz-Hern{\'a}ndez and Sam Scott and Nick
                  Sullivan and Riad S. Wahby and Christopher A. Wood},
  title        = {{Hashing to Elliptic Curves}},
  institution  = {IETF Secretariat},
  year         = 2022,
  type         = {Internet-Draft},
  number       = {draft-irtf-cfrg-hash-to-curve},
  note         = {Working Draft,
                  \url{https://datatracker.ietf.org/doc/draft-irtf-cfrg-hash-to-curve}}
}

@Misc{cryptoeprint:2020:1274,
  author       = {Jonathan Lee},
  title        = {Dory: Efficient, Transparent arguments for
                  Generalised Inner Products and Polynomial
                  Commitments},
  howpublished = {Cryptology ePrint Archive, Report 2020/1274},
  year         = 2020,
  note         = {\url{https://eprint.iacr.org/2020/1274}}
}

@Misc{cryptoeprint:2020:1536,
  author       = {Dan Boneh and Justin Drake and Ben Fisch and Ariel
                  Gabizon},
  title        = {Halo Infinite: Recursive zk-{SNARKs} from any
                  Additive Polynomial Commitment Scheme},
  howpublished = {Cryptology ePrint Archive, Report 2020/1536},
  year         = 2020,
  note         = {\url{https://eprint.iacr.org/2020/1536}}
}

@Misc{cryptoeprint:2019:1417,
  author       = {Xuejun Fan and Song Tian and Bao Li and Xiu Xu},
  title        = {{CSIDH} on Other Form of Elliptic Curves},
  howpublished = {Cryptology ePrint Archive, Report 2019/1417},
  year         = 2019,
  note         = {\url{https://eprint.iacr.org/2019/1417}}
}

@Misc{cryptoeprint:2019:1404,
  author       = {Wouter Castryck and Thomas Decru},
  title        = {{CSIDH} on the surface},
  howpublished = {Cryptology ePrint Archive, Report 2019/1404},
  year         = 2019,
  note         = {\url{https://eprint.iacr.org/2019/1404}}
}

@Misc{cryptoeprint:2018:537,
  author       = {Xavier Bonnetain and Andr{\'e} Schrottenloher},
  title        = {Quantum Security Analysis of {CSIDH} and Ordinary
                  Isogeny-based Schemes},
  howpublished = {Cryptology ePrint Archive, Report 2018/537},
  year         = 2018,
  note         = {\url{https://eprint.iacr.org/2018/537}}
}

@Misc{cryptoeprint:2018:914,
  author       = {Shuichi Katsumata and Shota Yamada},
  title        = {Note on Constructing Constrained {PRFs} from {OWFs}
                  with Constant Collusion Resistance},
  howpublished = {Cryptology ePrint Archive, Report 2018/914},
  year         = 2018,
  note         = {\url{https://eprint.iacr.org/2018/914}}
}

@Unpublished{kuszmaul18:_verkle_trees,
  author       = {John Kuszmaul},
  title        = {Verkle Trees},
  note         = {Unpublished manuscript, available at
                  \url{https://math.mit.edu/research/highschool/primes/materials/2018/Kuszmaul.pdf}},
  year         = 2018
}

@Misc{cryptoeprint:2012:142,
  author       = {David Galindo and Javier Herranz and Jorge Villar},
  title        = {Identity-Based Encryption with Master Key-Dependent
                  Message Security and Applications},
  howpublished = {Cryptology ePrint Archive, Report 2012/142},
  year         = 2012,
  note         = {\url{http://eprint.iacr.org/}}
}

@Misc{cryptoeprint:2011:454,
  author       = {Steven Myers and Mona Sergi and {abhi} {shelat}},
  title        = {Threshold Fully Homomorphic Encryption and Secure
                  Computation},
  howpublished = {Cryptology ePrint Archive, Report 2011/454},
  year         = 2011,
  note         = {\url{http://eprint.iacr.org/}}
}

@Misc{cryptoeprint:2018:202,
  author       = {Jack L.H. Crawford and Craig Gentry and Shai Halevi
                  and Daniel Platt and Victor Shoup},
  title        = {Doing Real Work with {FHE}: The Case of Logistic
                  Regression},
  howpublished = {Cryptology ePrint Archive, Report 2018/202},
  year         = 2018,
  note         = {\url{https://eprint.iacr.org/2018/202}}
}

@InProceedings{DBLP:conf/crypto/RotemS21,
  author       = {Lior Rotem and Gil Segev},
  title        = {Tighter Security for {Schnorr} Identification and
                  Signatures: {A} High-Moment Forking Lemma for
                  $\Sigma$-Protocols},
  booktitle    = {CRYPTO},
  year         = 2021,
  pages        = {222-250}
}

@InProceedings{DBLP:conf/sacrypt/Schrottenloher21,
  author       = {Andr{\'{e}} Schrottenloher},
  title        = {Improved Quantum Algorithms for the $k$-{XOR}
                  Problem},
  booktitle    = {Selected Areas in Cryptography},
  year         = 2021,
  volume       = 13203,
  pages        = {311-331},
  note         = {Full version at \url{https://ia.cr/2021/407}}
}

@InProceedings{DBLP:conf/sp/CremeersDFFJ21,
  author       = {Cas Cremers and Samed D{\"u}zl{\"u} and Rune Fiedler
                  and Marc Fischlin and Christian Janson},
  title        = {{BUFFing} signature schemes beyond unforgeability
                  and the case of post-quantum signatures},
  booktitle    = {{IEEE} Symposium on Security and Privacy},
  year         = 2021,
  pages        = {1696-1714}
}

@InProceedings{DBLP:conf/sp/BrendelCJZ21,
  author       = {Jacqueline Brendel and Cas Cremers and Dennis
                  Jackson and Mang Zhao},
  title        = {The provable security of {Ed25519}: Theory and
                  practice},
  booktitle    = {{IEEE} Symposium on Security and Privacy},
  year         = 2021,
  pages        = {1659-1676}
}

@InProceedings{DBLP:conf/asiacrypt/LipmaaP20,
  author       = {Helger Lipmaa and Kateryna Pavlyk},
  title        = {Succinct Functional Commitment for a Large Class of
                  Arithmetic Circuits},
  booktitle    = {ASIACRYPT},
  year         = 2020,
  pages        = {686-716}
}

@InProceedings{DBLP:conf/asiacrypt/CampanelliFGKN20,
  author       = {Matteo Campanelli and Dario Fiore and Nicola Greco
                  and Dimitris Kolonelos and Luca Nizzardo},
  title        = {Incrementally Aggregatable Vector Commitments and
                  Applications to Verifiable Decentralized Storage},
  booktitle    = {ASIACRYPT},
  year         = 2020,
  pages        = {3-35}
}

@InProceedings{DBLP:conf/ccs/GorbunovRWZ20,
  author       = {Sergey Gorbunov and Leonid Reyzin and Hoeteck Wee
                  and Zhenfei Zhang},
  title        = {Pointproofs: Aggregating Proofs for Multiple Vector
                  Commitments},
  booktitle    = {CCS},
  year         = 2020,
  pages        = {2007-2023}
}

@InProceedings{DBLP:conf/scn/TomescuABDFK20,
  author       = {Alin Tomescu and Ittai Abraham and Vitalik Buterin
                  and Justin Drake and Dankrad Feist and Dmitry
                  Khovratovich},
  title        = {Aggregatable Subvector Commitments for Stateless
                  Cryptocurrencies},
  booktitle    = {SCN},
  year         = 2020,
  series       = {Lecture Notes in Computer Science},
  pages        = {45-64}
}

@InProceedings{DBLP:conf/secsr/ChalkiasGN20,
  author       = {Konstantinos Chalkias and Fran{\c{c}}ois Garillot
                  and Valeria Nikolaenko},
  title        = {Taming the Many {EdDSAs}},
  booktitle    = {Security Standardisation Research},
  year         = 2020,
  pages        = {67-90}
}

@InProceedings{DBLP:conf/eurocrypt/BunzFS20,
  author       = {Benedikt B{\"{u}}nz and Ben Fisch and Alan
                  Szepieniec},
  title        = {Transparent {SNARKs} from {DARK} Compilers},
  booktitle    = {EUROCRYPT},
  year         = 2020,
  pages        = {677-706}
}

@InProceedings{DBLP:conf/eurocrypt/FuchsbauerPS20,
  author       = {Georg Fuchsbauer and Antoine Plouviez and Yannick
                  Seurin},
  title        = {Blind {Schnorr} Signatures and Signed {ElGamal}
                  Encryption in the Algebraic Group Model},
  booktitle    = {EUROCRYPT},
  year         = 2020,
  pages        = {63-95}
}

@InProceedings{DBLP:conf/pkc/KaafaraniKP20,
  author       = {Ali El Kaafarani and Shuichi Katsumata and Federico
                  Pintore},
  title        = {Lossy {CSI-FiSh}: Efficient Signature Scheme with
                  Tight Reduction to Decisional {CSIDH}-512},
  booktitle    = {PKC},
  year         = 2020,
  pages        = {157-186}
}

@Article{DBLP:journals/tcs/ChenM19,
  author       = {Jing Chen and Silvio Micali},
  title        = {Algorand: {A} secure and efficient distributed
                  ledger},
  journal      = {Theor. Comput. Sci.},
  year         = 2019,
  volume       = 777,
  pages        = {155-183}
}

@Misc{cryptoeprint:2019:1147,
  author       = {Steve Thakur},
  title        = {Batching non-membership proofs with bilinear
                  accumulators},
  howpublished = {Cryptology ePrint Archive, Report 2019/1147},
  year         = 2019,
  note         = {\url{https://eprint.iacr.org/2019/1147}}
}

@Misc{cryptoeprint:2019:1177,
  author       = {Benedikt B{\"{u}}nz and Mary Maller and Pratyush
                  Mishra and Nirvan Tyagi and Psi Vesely},
  title        = {Proofs for Inner Pairing Products and Applications},
  howpublished = {Cryptology ePrint Archive, Report 2019/1177},
  year         = 2019,
  note         = {\url{https://eprint.iacr.org/2019/1177}}
}

@InProceedings{DBLP:conf/asiacrypt/BeullensKV19,
  author       = {Ward Beullens and Thorsten Kleinjung and Frederik
                  Vercauteren},
  title        = {{CSI-FiSh}: Efficient Isogeny Based Signatures
                  Through Class Group Computations},
  booktitle    = {ASIACRYPT},
  year         = 2019,
  pages        = {227-247}
}

@Article{PhysRevX.8.041015,
  author       = {Babbush, Ryan and Gidney, Craig and Berry, Dominic
                  W. and Wiebe, Nathan and McClean, Jarrod and Paler,
                  Alexandru and Fowler, Austin and Neven, Hartmut},
  title        = {Encoding Electronic Spectra in Quantum Circuits with
                  Linear {T} Complexity},
  journal      = {Phys. Rev. X},
  year         = 2018,
  volume       = 8,
  pages        = 041015,
  month        = {Oct},
  note         = {\url{https://arxiv.org/pdf/1805.03662.pdf}},
  issue        = 4,
  numpages     = 36
}

@Misc{schanck19_comm,
  author       = {John Schanck},
  howpublished = {Personal communication},
  month        = {June},
  year         = 2019
}

@Misc{NIST-PQC,
  title        = {{NIST} Post-Quantum Cryptography Project},
  note         =
                  {\url{https://csrc.nist.gov/Projects/Post-Quantum-Cryptography}}
}

@InProceedings{DBLP:conf/crypto/Zhandry19,
  author       = {Mark Zhandry},
  title        = {How to Record Quantum Queries, and Applications to
                  Quantum Indifferentiability},
  booktitle    = {CRYPTO},
  year         = 2019,
  pages        = {239-268}
}

@InProceedings{DBLP:conf/crypto/DonFMS19,
  author       = {Jelle Don and Serge Fehr and Christian Majenz and
                  Christian Schaffner},
  title        = {Security of the {Fiat--Shamir} Transformation in the
                  Quantum Random-Oracle Model},
  booktitle    = {CRYPTO},
  year         = 2019,
  pages        = {356-383}
}

@InProceedings{DBLP:conf/crypto/BonehBF19,
  author       = {Dan Boneh and Benedikt B{\"{u}}nz and Ben Fisch},
  title        = {Batching Techniques for Accumulators with
                  Applications to {IOPs} and Stateless Blockchains},
  booktitle    = {CRYPTO},
  year         = 2019,
  pages        = {561-586}
}

@InProceedings{DBLP:conf/crypto/LaiM19,
  author       = {Russell W. F. Lai and Giulio Malavolta},
  title        = {Subvector Commitments with Application to Succinct
                  Arguments},
  booktitle    = {CRYPTO},
  year         = 2019,
  pages        = {530-560}
}

@InProceedings{DBLP:conf/crypto/JaquesS19,
  author       = {Samuel Jaques and John M. Schanck},
  title        = {Quantum Cryptanalysis in the {RAM} Model:
                  Claw-Finding Attacks on {SIKE}},
  booktitle    = {CRYPTO},
  year         = 2019,
  pages        = {32-61}
}

@InProceedings{DBLP:conf/eurocrypt/FeoG19,
  author       = {Luca {De Feo} and Steven D. Galbraith},
  title        = {{SeaSign}: Compact Isogeny Signatures from Class
                  Group Actions},
  booktitle    = {EUROCRYPT},
  year         = 2019,
  pages        = {759-789}
}

@InProceedings{DBLP:conf/eurocrypt/Bernstein0MP19,
  author       = {Daniel J. Bernstein and Tanja Lange and Chloe
                  Martindale and Lorenz Panny},
  title        = {Quantum Circuits for the {CSIDH}: Optimizing Quantum
                  Evaluation of Isogenies},
  booktitle    = {EUROCRYPT},
  year         = 2019,
  pages        = {409-441}
}

@Article{DBLP:journals/corr/Bonnetain19,
  author       = {Xavier Bonnetain},
  title        = {Improved Low-qubit Hidden Shift Algorithms},
  journal      = {CoRR},
  year         = 2019,
  volume       = {abs/1901.11428},
  url          = {http://arxiv.org/abs/1901.11428},
  archiveprefix= {arXiv},
  eprint       = {1901.11428},
  primaryclass = {quant-ph}
}

@Misc{cryptoeprint:2018:968,
  author       = {Alexander Chepurnoy and Charalampos Papamanthou and
                  Shravan Srinivasan and Yupeng Zhang},
  title        = {Edrax: A Cryptocurrency with Stateless Transaction
                  Validation},
  howpublished = {Cryptology ePrint Archive, Report 2018/968},
  year         = 2018,
  note         = {\url{https://eprint.iacr.org/2018/968}}
}

@InProceedings{DBLP:conf/stoc/CanettiCHLRRW19,
  author       = {Ran Canetti and Yilei Chen and Justin Holmgren and
                  Alex Lombardi and Guy N. Rothblum and Ron
                  D. Rothblum and Daniel Wichs},
  title        = {{Fiat-Shamir}: from practice to theory},
  booktitle    = {STOC},
  year         = 2019,
  pages        = {1082-1090}
}

@InProceedings{DBLP:conf/asiacrypt/Castryck0MPR18,
  author       = {Wouter Castryck and Tanja Lange and Chloe Martindale
                  and Lorenz Panny and Joost Renes},
  title        = {{CSIDH}: An Efficient Post-Quantum Commutative Group
                  Action},
  booktitle    = {ASIACRYPT},
  year         = 2018,
  pages        = {395-427}
}

@InProceedings{DBLP:conf/asiacrypt/BonnetainN18,
  author       = {Xavier Bonnetain and Mar{\'{\i}}a Naya{-}Plasencia},
  title        = {Hidden Shift Quantum Cryptanalysis and Implications},
  booktitle    = {ASIACRYPT},
  year         = 2018,
  pages        = {560-592}
}

@InProceedings{DBLP:conf/indocrypt/BiasseIJ18,
  author       = {Jean{-}Fran{\c{c}}ois Biasse and Annamaria Iezzi and
                  Jacobson Jr., Michael J.},
  title        = {A Note on the Security of {CSIDH}},
  booktitle    = {INDOCRYPT},
  year         = 2018,
  pages        = {153-168}
}

@InProceedings{DBLP:conf/tcc/QuachWZ18,
  author       = {Willy Quach and Daniel Wichs and Giorgos Zirdelis},
  title        = {Watermarking {PRFs} under Standard Assumptions:
                  Public Marking and Security with Extraction Queries},
  booktitle    = {TCC},
  year         = 2018
}

@InProceedings{DBLP:conf/focs/HolmgrenL18,
  author       = {Justin Holmgren and Alex Lombardi},
  title        = {Cryptographic Hashing from Strong One-Way Functions
                  (Or: One-Way Product Functions and Their
                  Applications)},
  booktitle    = {FOCS},
  year         = 2018,
  pages        = {850-858}
}

@InProceedings{DBLP:conf/crypto/AttrapadungMNYY18,
  author       = {Nuttapong Attrapadung and Takahiro Matsuda and Ryo
                  Nishimaki and Shota Yamada and Takashi Yamakawa},
  title        = {Constrained {PRFs} for {NC$^1$} in Traditional Groups},
  booktitle    = {CRYPTO},
  year         = 2018,
  pages        = {543-574}
}

@InProceedings{DBLP:conf/eurocrypt/CanettiCRR18,
  author       = {Ran Canetti and Yilei Chen and Leonid Reyzin and Ron
                  D. Rothblum},
  title        = {{Fiat-Shamir} and Correlation Intractability from
                  Strong {KDM}-Secure Encryption},
  booktitle    = {EUROCRYPT},
  year         = 2018,
  pages        = {91-122}
}

@InProceedings{DBLP:conf/sp/BunzBBPWM18,
  author       = {Benedikt B{\"{u}}nz and Jonathan Bootle and Dan
                  Boneh and Andrew Poelstra and Pieter Wuille and
                  Gregory Maxwell},
  title        = {Bulletproofs: Short Proofs for Confidential
                  Transactions and More},
  booktitle    = {{IEEE} Symposium on Security and Privacy},
  year         = 2018,
  pages        = {315-334}
}

@Misc{cryptoeprint:2017:99,
  author       = {Dimitrios Papadopoulos and Duane Wessels and Shumon
                  Huque and Moni Naor and Jan V{\v{c}}el{\'{a}}k and
                  Leonid Reyzin and Sharon Goldberg},
  title        = {Making {NSEC5} Practical for {DNSSEC}},
  howpublished = {Cryptology ePrint Archive, Report 2017/099},
  year         = 2017,
  note         = {\url{https://eprint.iacr.org/2017/099}}
}

@Misc{rfc8032,
  author       = {Simon Josefsson and Ilari Liusvaara},
  title        = {{Edwards-Curve Digital Signature Algorithm (EdDSA)}},
  howpublished = {RFC 8032 (Informational)},
  month        = Jan,
  year         = 2017,
  note         = {\url{http://www.ietf.org/rfc/rfc8032.txt}},
  series       = {Request for Comments},
  number       = 8032,
  publisher    = {IETF},
  organization = {Internet Engineering Task Force}
}

@InProceedings{DBLP:conf/asiacrypt/Unruh17,
  author       = {Dominique Unruh},
  title        = {Post-quantum Security of {Fiat}-{Shamir}},
  booktitle    = {ASIACRYPT},
  year         = 2017,
  pages        = {65-95}
}

@InProceedings{DBLP:conf/crypto/KalaiRR17,
  author       = {Yael Tauman Kalai and Guy N. Rothblum and Ron
                  D. Rothblum},
  title        = {From Obfuscation to the Security of {Fiat-Shamir}
                  for Proofs},
  booktitle    = {CRYPTO},
  year         = 2017,
  pages        = {224-251}
}

@InProceedings{DBLP:conf/eurocrypt/AnanthCJ17,
  author       = {Prabhanjan Ananth and Aloni Cohen and Abhishek Jain},
  title        = {Cryptography with Updates},
  booktitle    = {EUROCRYPT},
  year         = 2017,
  pages        = {445-472}
}

@InProceedings{DBLP:conf/asiacrypt/BadrinarayananG16,
  author       = {Saikrishna Badrinarayanan and Vipul Goyal and Aayush
                  Jain and Amit Sahai},
  title        = {Verifiable Functional Encryption},
  booktitle    = {ASIACRYPT},
  year         = 2016,
  pages        = {557-587}
}

@InProceedings{DBLP:conf/tcc/CanettiCR16,
  author       = {Ran Canetti and Yilei Chen and Leonid Reyzin},
  title        = {On the Correlation Intractability of Obfuscated
                  Pseudorandom Functions},
  booktitle    = {TCC},
  year         = 2016,
  pages        = {389-415}
}

@InProceedings{DBLP:conf/icalp/LibertRY16,
  author       = {Beno{\^{\i}}t Libert and Somindu C. Ramanna and Moti
                  Yung},
  title        = {Functional Commitment Schemes: From Polynomial
                  Commitments to Pairing-Based Accumulators from
                  Simple Assumptions},
  booktitle    = {ICALP},
  year         = 2016,
  pages        = {30:1--30:14}
}

@Article{DBLP:journals/joc/GentryGIPSS15,
  author       = {Craig Gentry and Jens Groth and Yuval Ishai and
                  Chris Peikert and Amit Sahai and Adam D. Smith},
  title        = {Using Fully Homomorphic Hybrid Encryption to
                  Minimize Non-interative Zero-Knowledge Proofs},
  journal      = {J. Cryptology},
  year         = 2015,
  volume       = 28,
  number       = 4,
  pages        = {820-843}
}

@InProceedings{DBLP:conf/asiacrypt/BishopHW15,
  author       = {Allison Bishop and Susan Hohenberger and Brent
                  Waters},
  title        = {New Circular Security Counterexamples from Decision
                  Linear and Learning with Errors},
  booktitle    = {ASIACRYPT 2015},
  year         = 2015,
  pages        = {776-800}
}

@InProceedings{DBLP:conf/tcc/KoppulaRW15,
  author       = {Venkata Koppula and Kim Ramchen and Brent Waters},
  title        = {Separations in Circular Security for Arbitrary
                  Length Key Cycles},
  booktitle    = {TCC},
  year         = 2015,
  pages        = {378-400}
}

@InProceedings{DBLP:conf/eurocrypt/AlbrechtR0TZ15,
  author       = {Martin R. Albrecht and Christian Rechberger and
                  Thomas Schneider and Tyge Tiessen and Michael
                  Zohner},
  title        = {Ciphers for {MPC} and {FHE}},
  booktitle    = {EUROCRYPT},
  year         = 2015,
  pages        = {430-454}
}

@InProceedings{DBLP:conf/eurocrypt/BoyleGI15,
  author       = {Elette Boyle and Niv Gilboa and Yuval Ishai},
  title        = {Function Secret Sharing},
  booktitle    = {EUROCRYPT},
  year         = 2015,
  pages        = {337-367}
}

@InProceedings{DBLP:conf/innovations/HubacekW15,
  author       = {Pavel Hub{\'{a}}cek and Daniel Wichs},
  title        = {On the Communication Complexity of Secure Function
                  Evaluation with Long Output},
  booktitle    = {ITCS},
  year         = 2015,
  pages        = {163-172}
}

@Article{DBLP:journals/jmc/FeoJP14,
  author       = {Luca {De Feo} and David Jao and J{\'{e}}r{\^{o}}me
                  Pl{\^{u}}t},
  title        = {Towards quantum-resistant cryptosystems from
                  supersingular elliptic curve isogenies},
  journal      = {J. Mathematical Cryptology},
  year         = 2014,
  volume       = 8,
  number       = 3,
  pages        = {209-247}
}

@Article{DBLP:journals/jmc/ChildsJS14,
  author       = {Andrew M. Childs and David Jao and Vladimir
                  Soukharev},
  title        = {Constructing elliptic curve isogenies in quantum
                  subexponential time},
  journal      = {J. Mathematical Cryptology},
  year         = 2014,
  volume       = 8,
  number       = 1,
  pages        = {1-29},
  note         = {\url{https://arxiv.org/abs/1012.4019}},
  prelimyear   = 2010
}

@InProceedings{DBLP:conf/scn/MarcedoneO14,
  author       = {Antonio Marcedone and Claudio Orlandi},
  title        = {Obfuscation ($\Rightarrow$) ({IND-CPA} Security
                  $!\Rightarrow$ Circular Security)},
  booktitle    = {SCN},
  year         = 2014,
  pages        = {77-90}
}

@Book{katz14:_introd_moder_crypt,
  author       = {Jonathan Katz and Yehuda Lindell},
  title        = {Introduction to Modern Cryptography},
  publisher    = {Chapman and Hall/CRC Press},
  year         = 2014,
  edition      = {Second},
  month        = {November}
}

@InProceedings{DBLP:conf/sp/Ben-SassonCG0MTV14,
  author       = {Eli Ben{-}Sasson and Alessandro Chiesa and Christina
                  Garman and Matthew Green and Ian Miers and Eran
                  Tromer and Madars Virza},
  title        = {Zerocash: Decentralized Anonymous Payments from
                  {Bitcoin}},
  booktitle    = {{IEEE} Symposium on Security and Privacy},
  year         = 2014,
  pages        = {459-474}
}

@InProceedings{DBLP:conf/stoc/SahaiW14,
  author       = {Amit Sahai and Brent Waters},
  title        = {How to use indistinguishability obfuscation:
                  deniable encryption, and more},
  booktitle    = {STOC},
  year         = 2014,
  pages        = {475-484}
}

@InProceedings{DBLP:conf/pkc/BoyleGI14,
  author       = {Elette Boyle and Shafi Goldwasser and Ioana Ivan},
  title        = {Functional Signatures and Pseudorandom Functions},
  booktitle    = {PKC},
  year         = 2014,
  pages        = {501-519}
}

@Misc{cryptoeprint:2014:039,
  author       = {Yarkin Doroz and Yin Hu and Berk Sunar},
  title        = {Homomorphic {AES} Evaluation using {NTRU}},
  howpublished = {Cryptology ePrint Archive, Report 2014/039},
  year         = 2014,
  note         = {\url{https://eprint.iacr.org/2014/039}}
}

@Misc{rfc6979,
  author       = {Thomas Pornin},
  title        = {{Deterministic Usage of the Digital Signature
                  Algorithm (DSA) and Elliptic Curve Digital Signature
                  Algorithm (ECDSA)}},
  howpublished = {RFC 6979 (Informational)},
  month        = Aug,
  year         = 2013,
  note         = {\url{http://www.ietf.org/rfc/rfc6979.txt}},
  series       = {Request for Comments},
  number       = 6979,
  publisher    = {IETF},
  organization = {Internet Engineering Task Force}
}

@Article{DBLP:journals/joc/ChaseHLMR13,
  author       = {Melissa Chase and Alexander Healy and Anna
                  Lysyanskaya and Tal Malkin and Leonid Reyzin},
  title        = {Mercurial Commitments with Applications to
                  Zero-Knowledge Sets},
  journal      = {J. Cryptol.},
  year         = 2013,
  volume       = 26,
  number       = 2,
  pages        = {251-279},
  note         = {Preliminary version in EUROCRYPT 2005},
  prelimyear   = 2005
}

@InProceedings{DBLP:conf/tqc/Kuperberg13,
  author       = {Greg Kuperberg},
  title        = {Another Subexponential-time Quantum Algorithm for
                  the Dihedral Hidden Subgroup Problem},
  booktitle    = {8th Conference on the Theory of Quantum Computation,
                  Communication and Cryptography, {TQC}},
  year         = 2013,
  pages        = {20-34},
  note         = {Preliminary version in
                  \url{https://arxiv.org/abs/1112.3333}},
  prelimyear   = 2011
}

@InProceedings{DBLP:conf/ima/MellaS13,
  author       = {Silvia Mella and Ruggero Susella},
  title        = {On the Homomorphic Computation of Symmetric
                  Cryptographic Primitives},
  booktitle    = {IMACC},
  year         = 2013,
  pages        = {28-44}
}

@InProceedings{DBLP:conf/ccs/KiayiasPTZ13,
  author       = {Aggelos Kiayias and Stavros Papadopoulos and Nikos
                  Triandopoulos and Thomas Zacharias},
  title        = {Delegatable pseudorandom functions and applications},
  booktitle    = {CCS},
  year         = 2013,
  pages        = {669-684}
}

@InProceedings{DBLP:conf/asiacrypt/BonehW13,
  author       = {Dan Boneh and Brent Waters},
  title        = {Constrained Pseudorandom Functions and Their
                  Applications},
  booktitle    = {ASIACRYPT},
  year         = 2013,
  pages        = {280-300}
}

@InProceedings{DBLP:conf/ccs/FujiokaSXY13,
  author       = {Atsushi Fujioka and Koutarou Suzuki and Keita Xagawa
                  and Kazuki Yoneyama},
  title        = {Practical and post-quantum authenticated key
                  exchange from one-way secure key encapsulation
                  mechanism},
  booktitle    = {ASIACCS},
  year         = 2013,
  pages        = {83-94}
}

@InProceedings{DBLP:conf/focs/GargGH0SW13,
  author       = {Sanjam Garg and Craig Gentry and Shai Halevi and
                  Mariana Raykova and Amit Sahai and Brent Waters},
  title        = {Candidate Indistinguishability Obfuscation and
                  Functional Encryption for all Circuits},
  booktitle    = {FOCS},
  year         = 2013,
  pages        = {40-49}
}

@InProceedings{DBLP:conf/pkc/CatalanoF13,
  author       = {Dario Catalano and Dario Fiore},
  title        = {Vector Commitments and Their Applications},
  booktitle    = {PKC},
  year         = 2013,
  pages        = {55-72}
}

@Article{DBLP:journals/jacm/GrothOS12,
  author       = {Jens Groth and Rafail Ostrovsky and Amit Sahai},
  title        = {New Techniques for Noninteractive Zero-Knowledge},
  journal      = {J. {ACM}},
  year         = 2012,
  volume       = 59,
  number       = 3,
  pages        = {11:1--11:35},
  note         = {Preliminary version in EUROCRYPT 2006},
  prelimyear   = 2006
}

@Article{DBLP:journals/jacm/BarakGIRSVY12,
  author       = {Boaz Barak and Oded Goldreich and Russell
                  Impagliazzo and Steven Rudich and Amit Sahai and
                  Salil P. Vadhan and Ke Yang},
  title        = {On the (im)possibility of obfuscating programs},
  journal      = {J. {ACM}},
  year         = 2012,
  volume       = 59,
  number       = 2,
  pages        = {6:1--6:48},
  note         = {Preliminary version in CRYPTO 2001},
  prelimyear   = 2001
}

@InProceedings{DBLP:conf/eurocrypt/BayerG12,
  author       = {Stephanie Bayer and Jens Groth},
  title        = {Efficient Zero-Knowledge Argument for Correctness of
                  a Shuffle},
  booktitle    = {EUROCRYPT},
  year         = 2012,
  pages        = {263-280}
}

@InProceedings{DBLP:conf/pkc/CashGH12,
  author       = {David Cash and Matthew Green and Susan Hohenberger},
  title        = {New Definitions and Separations for Circular
                  Security},
  booktitle    = {PKC 2012},
  year         = 2012,
  pages        = {540-557}
}

@InProceedings{DBLP:conf/eurocrypt/AsharovJLTVW12,
  author       = {Gilad Asharov and Abhishek Jain and Adriana
                  L{\'{o}}pez{-}Alt and Eran Tromer and Vinod
                  Vaikuntanathan and Daniel Wichs},
  title        = {Multiparty Computation with Low Communication,
                  Computation and Interaction via Threshold {FHE}},
  booktitle    = {EUROCRYPT},
  year         = 2012,
  pages        = {483-501}
}

@InProceedings{DBLP:conf/eurocrypt/BellareKPW12,
  author       = {Mihir Bellare and Eike Kiltz and Chris Peikert and
                  Brent Waters},
  title        = {Identity-Based (Lossy) Trapdoor Functions and
                  Applications},
  booktitle    = {EUROCRYPT},
  year         = 2012,
  pages        = {228-245}
}

@InProceedings{DBLP:conf/eurocrypt/Hofheinz12,
  author       = {Dennis Hofheinz},
  title        = {All-But-Many Lossy Trapdoor Functions},
  booktitle    = {EUROCRYPT},
  year         = 2012,
  pages        = {209-227}
}

@Article{DBLP:journals/tit/CatalanoRFM11,
  author       = {Dario Catalano and Mario Di Raimondo and Dario Fiore
                  and Mariagrazia Messina},
  title        = {Zero-Knowledge Sets With Short Proofs},
  journal      = {IEEE Transactions on Information Theory},
  year         = 2011,
  volume       = 57,
  number       = 4,
  pages        = {2488-2502},
  note         = {Preliminary version in EUROCRYPT 2008},
  prelimyear   = 2008
}

@PhdThesis{stolbunov11:_phd,
  author       = {Anton Stolbunov},
  title        = {Cryptographic Schemes Based on Isogenies},
  school       = {Norwegian University of Science and Technology},
  year         = 2011
}

@Misc{cryptoeprint:2011:066,
  author       = {Markus Duermuth and David Mandell Freeman},
  title        = {Deniable Encryption with Negligible Detection
                  Probability: An Interactive Construction},
  howpublished = {Cryptology ePrint Archive, Report 2011/066},
  year         = 2011,
  note         = {\url{http://eprint.iacr.org/}}
}

@InProceedings{DBLP:conf/asiacrypt/BonehDFLSZ11,
  author       = {Dan Boneh and {\"{O}}zg{\"{u}}r Dagdelen and Marc
                  Fischlin and Anja Lehmann and Christian Schaffner
                  and Mark Zhandry},
  title        = {Random Oracles in a Quantum World},
  booktitle    = {ASIACRYPT},
  year         = 2011,
  pages        = {41-69}
}

@InProceedings{DBLP:conf/asiacrypt/BendlinNNO11,
  author       = {Rikke Bendlin and Jesper Buus Nielsen and Peter
                  Sebastian Nordholt and Claudio Orlandi},
  title        = {Lower and Upper Bounds for Deniable Public-Key
                  Encryption},
  booktitle    = {ASIACRYPT},
  year         = 2011,
  pages        = {125-142}
}

@InProceedings{DBLP:conf/asiacrypt/HemenwayLOV11,
  author       = {Brett Hemenway and Benoit Libert and Rafail
                  Ostrovsky and Damien Vergnaud},
  title        = {Lossy Encryption: Constructions from General
                  Assumptions and Efficient Selective Opening Chosen
                  Ciphertext Security},
  booktitle    = {ASIACRYPT},
  year         = 2011
}

@InProceedings{DBLP:conf/pqcrypto/JaoF11,
  author       = {David Jao and Luca {De Feo}},
  title        = {Towards Quantum-Resistant Cryptosystems from
                  Supersingular Elliptic Curve Isogenies},
  booktitle    = {Post-Quantum Cryptography},
  year         = 2011,
  pages        = {19-34}
}

@InProceedings{DBLP:conf/crypto/BenabbasGV11,
  author       = {Siavosh Benabbas and Rosario Gennaro and Yevgeniy
                  Vahlis},
  title        = {Verifiable Delegation of Computation over Large
                  Datasets},
  booktitle    = {CRYPTO},
  year         = 2011,
  pages        = {111-131}
}

@InProceedings{DBLP:conf/crypto/ONeillPW11,
  author       = {Adam O'Neill and Chris Peikert and Brent Waters},
  title        = {Bi-Deniable Public-Key Encryption},
  booktitle    = {CRYPTO},
  year         = 2011,
  pages        = {525-542}
}

@InProceedings{DBLP:conf/crypto/AsharovLR11,
  author       = {Gilad Asharov and Yehuda Lindell and Tal Rabin},
  title        = {Perfectly-Secure Multiplication for Any {\it $<$
                  n}/3},
  booktitle    = {CRYPTO},
  year         = 2011,
  pages        = {240-258}
}

@InProceedings{DBLP:conf/icalp/AroraG11,
  author       = {Sanjeev Arora and Rong Ge},
  title        = {New Algorithms for Learning in Presence of Errors},
  booktitle    = {ICALP (1)},
  year         = 2011,
  pages        = {403-415}
}

@InProceedings{DBLP:conf/stoc/GentryW11,
  author       = {Craig Gentry and Daniel Wichs},
  title        = {Separating succinct non-interactive arguments from
                  all falsifiable assumptions},
  booktitle    = {STOC},
  year         = 2011,
  pages        = {99-108}
}

@InProceedings{DBLP:conf/eurocrypt/KiltzPCJV11,
  author       = {Eike Kiltz and Krzysztof Pietrzak and David Cash and
                  Abhishek Jain and Daniele Venturi},
  title        = {Efficient Authentication from Hard Learning
                  Problems},
  booktitle    = {EUROCRYPT},
  year         = 2011,
  pages        = {7-26}
}

@InProceedings{DBLP:conf/eurocrypt/Applebaum11,
  author       = {Benny Applebaum},
  title        = {Key-Dependent Message Security: Generic
                  Amplification and Completeness},
  booktitle    = {EUROCRYPT},
  year         = 2011,
  pages        = {527-546}
}

@InProceedings{DBLP:conf/eurocrypt/MalkinTY11,
  author       = {Tal Malkin and Isamu Teranishi and Moti Yung},
  title        = {Efficient Circuit-Size Independent Public Key
                  Encryption with {KDM} Security},
  booktitle    = {EUROCRYPT},
  year         = 2011,
  pages        = {507-526}
}

@InProceedings{DBLP:conf/eurocrypt/DurmuthF11,
  author       = {Markus D{\"u}rmuth and David Mandell Freeman},
  title        = {Deniable Encryption with Negligible Detection
                  Probability: An Interactive Construction},
  booktitle    = {EUROCRYPT},
  year         = 2011,
  pages        = {610-626}
}

@InProceedings{DBLP:conf/tcc/BellareWY11,
  author       = {Mihir Bellare and Brent Waters and Scott Yilek},
  title        = {Identity-Based Encryption Secure against Selective
                  Opening Attack},
  booktitle    = {TCC},
  year         = 2011,
  pages        = {235-252}
}

@InProceedings{DBLP:conf/tcc/BrakerskiGK11,
  author       = {Zvika Brakerski and Shafi Goldwasser and Yael Tauman
                  Kalai},
  title        = {Black-Box Circular-Secure Encryption beyond Affine
                  Functions},
  booktitle    = {TCC},
  year         = 2011,
  pages        = {201-218}
}

@Article{DBLP:journals/siamcomp/PeikertW11,
  author       = {Chris Peikert and Brent Waters},
  title        = {Lossy Trapdoor Functions and Their Applications},
  journal      = {SIAM J. Comput.},
  volume       = 40,
  number       = 6,
  year         = 2011,
  pages        = {1803-1844},
  prelimyear   = 2008,
  note         = {Preliminary version in STOC 2008}
}

@Article{DBLP:journals/amco/Stolbunov10,
  author       = {Anton Stolbunov},
  title        = {Constructing public-key cryptographic schemes based
                  on class group action on a set of isogenous elliptic
                  curves},
  journal      = {Adv. in Math. of Comm.},
  year         = 2010,
  volume       = 4,
  number       = 2,
  pages        = {215-235}
}

@InProceedings{DBLP:conf/asiacrypt/KateZG10,
  author       = {Aniket Kate and Gregory M. Zaverucha and Ian
                  Goldberg},
  title        = {Constant-Size Commitments to Polynomials and Their
                  Applications},
  booktitle    = {ASIACRYPT},
  year         = 2010,
  pages        = {177-194}
}

@Article{DBLP:journals/joc/KatzSS10,
  author       = {Jonathan Katz and Ji Sun Shin and Adam Smith},
  title        = {Parallel and Concurrent Security of the {HB} and
                  {HB}$^{\mbox{+}}$ Protocols},
  journal      = {J. Cryptology},
  volume       = 23,
  number       = 3,
  year         = 2010,
  pages        = {402-421},
  note         = {Preliminary version in Eurocrypt 2006},
  prelimyear   = 2006
}

@InProceedings{DBLP:conf/crypto/GentryHV10,
  author       = {Craig Gentry and Shai Halevi and Vinod
                  Vaikuntanathan},
  title        = {$i$-Hop Homomorphic Encryption and Rerandomizable
                  {Yao} Circuits},
  booktitle    = {CRYPTO},
  year         = 2010,
  pages        = {155-172}
}

@InProceedings{DBLP:conf/eurocrypt/AcarBBC10,
  author       = {Tolga Acar and Mira Belenkiy and Mihir Bellare and
                  David Cash},
  title        = {Cryptographic Agility and Its Relation to Circular
                  Encryption},
  booktitle    = {EUROCRYPT},
  year         = 2010,
  pages        = {403-422}
}

@InProceedings{DBLP:conf/crypto/BellareC10,
  author       = {Mihir Bellare and David Cash},
  title        = {Pseudorandom Functions and Permutations Provably
                  Secure against Related-Key Attacks},
  booktitle    = {CRYPTO},
  year         = 2010,
  pages        = {666-684}
}

@InProceedings{DBLP:conf/crypto/BrakerskiG10,
  author       = {Zvika Brakerski and Shafi Goldwasser},
  title        = {Circular and Leakage Resilient Public-Key Encryption
                  under Subgroup Indistinguishability - (or: Quadratic
                  Residuosity Strikes Back)},
  booktitle    = {CRYPTO},
  year         = 2010,
  pages        = {1-20}
}

@InProceedings{DBLP:conf/ccs/BonehMR10,
  author       = {Dan Boneh and Hart William Montgomery and Ananth
                  Raghunathan},
  title        = {Algebraic pseudorandom functions with improved
                  efficiency from the augmented cascade},
  booktitle    = {ACM Conference on Computer and Communications
                  Security},
  year         = 2010,
  pages        = {131-140}
}

@InProceedings{DBLP:conf/eurocrypt/BarakHHI10,
  author       = {Boaz Barak and Iftach Haitner and Dennis Hofheinz
                  and Yuval Ishai},
  title        = {Bounded Key-Dependent Message Security},
  booktitle    = {EUROCRYPT},
  year         = 2010,
  pages        = {423-444}
}

@InProceedings{DBLP:conf/eurocrypt/DijkGHV10,
  author       = {Marten van Dijk and Craig Gentry and Shai Halevi and
                  Vinod Vaikuntanathan},
  title        = {Fully Homomorphic Encryption over the Integers},
  booktitle    = {EUROCRYPT},
  year         = 2010,
  pages        = {24-43}
}

@InProceedings{DBLP:conf/eurocrypt/KiltzMO10,
  author       = {Eike Kiltz and Payman Mohassel and Adam O'Neill},
  title        = {Adaptive Trapdoor Functions and Chosen-Ciphertext
                  Security},
  booktitle    = {EUROCRYPT},
  year         = 2010,
  pages        = {673-692}
}

@InProceedings{DBLP:conf/eurocrypt/AlwenDNSWW10,
  author       = {Jo{\"e}l Alwen and Yevgeniy Dodis and Moni Naor and
                  Gil Segev and Shabsi Walfish and Daniel Wichs},
  title        = {Public-Key Encryption in the Bounded-Retrieval
                  Model},
  booktitle    = {EUROCRYPT},
  year         = 2010,
  pages        = {113-134}
}

@InProceedings{DBLP:conf/tcc/LibertY10,
  author       = {Beno{\^{\i}}t Libert and Moti Yung},
  title        = {Concise Mercurial Vector Commitments and Independent
                  Zero-Knowledge Sets with Short Proofs},
  booktitle    = {TCC},
  year         = 2010,
  pages        = {499-517}
}

@InProceedings{DBLP:conf/tcc/LyubashevskyPS10,
  author       = {Vadim Lyubashevsky and Adriana Palacio and Gil
                  Segev},
  title        = {Public-Key Cryptographic Primitives Provably as
                  Secure as Subset Sum},
  booktitle    = {TCC},
  year         = 2010,
  pages        = {382-400}
}

@InProceedings{DBLP:conf/tcc/AbdallaBN10,
  author       = {Michel Abdalla and Mihir Bellare and Gregory Neven},
  title        = {Robust Encryption},
  booktitle    = {TCC},
  year         = 2010,
  pages        = {480-497}
}

@InProceedings{DBLP:conf/tcc/DodisGKPV10,
  author       = {Yevgeniy Dodis and Shafi Goldwasser and Yael Tauman
                  Kalai and Chris Peikert and Vinod Vaikuntanathan},
  title        = {Public-Key Encryption Schemes with Auxiliary Inputs},
  booktitle    = {TCC},
  year         = 2010,
  pages        = {361-381}
}

@InProceedings{DBLP:conf/ccs/LewkoW09,
  author       = {Allison B. Lewko and Brent Waters},
  title        = {Efficient pseudorandom functions from the decisional
                  linear assumption and weaker variants},
  booktitle    = {ACM Conference on Computer and Communications
                  Security},
  year         = 2009,
  pages        = {112-120}
}

@InProceedings{DBLP:conf/asiacrypt/ChoiDMW09,
  author       = {Seung Geol Choi and Dana Dachman-Soled and Tal
                  Malkin and Hoeteck Wee},
  title        = {Improved Non-committing Encryption with Applications
                  to Adaptively Secure Protocols},
  booktitle    = {ASIACRYPT},
  year         = 2009,
  pages        = {287-302}
}

@InProceedings{DBLP:conf/crypto/GarayWZ09,
  author       = {Juan A. Garay and Daniel Wichs and Hong-Sheng Zhou},
  title        = {Somewhat Non-committing Encryption and Efficient
                  Adaptively Secure Oblivious Transfer},
  booktitle    = {CRYPTO},
  year         = 2009,
  pages        = {505-523}
}

@InProceedings{alwen09:_survey,
  author       = {Joel Alwen and Yevgeniy Dodis and Daniel Wichs},
  title        = {Survey: Leakage Resilience and the Bounded Retrieval
                  Model},
  booktitle    = {ICITS},
  year         = 2009
}

@InProceedings{DBLP:conf/crypto/HohenbergerW09,
  author       = {Susan Hohenberger and Brent Waters},
  title        = {Short and Stateless Signatures from the {RSA}
                  Assumption},
  booktitle    = {CRYPTO},
  year         = 2009,
  pages        = {654-670}
}

@InProceedings{DBLP:conf/crypto/LeurentN09,
  author       = {Ga{\"e}tan Leurent and Phong Q. Nguyen},
  title        = {How Risky Is the Random-Oracle Model?},
  booktitle    = {CRYPTO},
  year         = 2009,
  pages        = {445-464}
}

@InProceedings{DBLP:conf/eurocrypt/CamenischCS09,
  author       = {Jan Camenisch and Nishanth Chandran and Victor
                  Shoup},
  title        = {A Public Key Encryption Scheme Secure against Key
                  Dependent Chosen Plaintext and Adaptive Chosen
                  Ciphertext Attacks},
  booktitle    = {EUROCRYPT},
  year         = 2009,
  pages        = {351-368}
}

@InProceedings{DBLP:conf/eurocrypt/BellareHY09,
  author       = {Mihir Bellare and Dennis Hofheinz and Scott Yilek},
  title        = {Possibility and Impossibility Results for Encryption
                  and Commitment Secure under Selective Opening},
  booktitle    = {EUROCRYPT},
  year         = 2009,
  pages        = {1-35}
}

@InProceedings{DBLP:conf/eurocrypt/HohenbergerW09,
  author       = {Susan Hohenberger and Brent Waters},
  title        = {Realizing Hash-and-Sign Signatures under Standard
                  Assumptions},
  booktitle    = {EUROCRYPT},
  year         = 2009,
  pages        = {333-350}
}

@InProceedings{DBLP:conf/crypto/NaorS09,
  author       = {Moni Naor and Gil Segev},
  title        = {Public-Key Cryptosystems Resilient to Key Leakage},
  booktitle    = {CRYPTO},
  year         = 2009,
  pages        = {18-35}
}

@InProceedings{DBLP:conf/pairing/BelenkiyCKL09,
  author       = {Mira Belenkiy and Melissa Chase and Markulf
                  Kohlweiss and Anna Lysyanskaya},
  title        = {Compact E-Cash and Simulatable {VRFs} Revisited},
  booktitle    = {Pairing},
  year         = 2009,
  pages        = {114-131}
}

@InProceedings{DBLP:conf/tcc/HaitnerH09,
  author       = {Iftach Haitner and Thomas Holenstein},
  title        = {On the (Im)Possibility of Key Dependent Encryption},
  booktitle    = {TCC},
  year         = 2009,
  pages        = {202-219}
}

@InProceedings{DBLP:conf/tcc/RosenS09,
  author       = {Alon Rosen and Gil Segev},
  title        = {Chosen-Ciphertext Security via Correlated Products},
  booktitle    = {TCC},
  year         = 2009,
  pages        = {419-436}
}

@InProceedings{DBLP:conf/crypto/BonehHHO08,
  author       = {Dan Boneh and Shai Halevi and Michael Hamburg and
                  Rafail Ostrovsky},
  title        = {Circular-Secure Encryption from Decision
                  {Diffie}-{Hellman}},
  booktitle    = {CRYPTO},
  year         = 2008,
  pages        = {108-125}
}

@InProceedings{DBLP:conf/eurocrypt/GrothS08,
  author       = {Jens Groth and Amit Sahai},
  title        = {Efficient Non-interactive Proof Systems for Bilinear
                  Groups},
  booktitle    = {EUROCRYPT},
  year         = 2008,
  pages        = {415-432}
}

@InProceedings{DBLP:conf/stoc/PeikertW08,
  author       = {Chris Peikert and Brent Waters},
  title        = {Lossy trapdoor functions and their applications},
  booktitle    = {STOC},
  year         = 2008,
  pages        = {187-196}
}

@InProceedings{DBLP:conf/crypto/BoldyrevaFO08,
  author       = {Alexandra Boldyreva and Serge Fehr and Adam O'Neill},
  title        = {On Notions of Security for Deterministic Encryption,
                  and Efficient Constructions without Random Oracles},
  booktitle    = {CRYPTO},
  year         = 2008,
  pages        = {335-359}
}

@InProceedings{DBLP:conf/crypto/PeikertVW08,
  author       = {Chris Peikert and Vinod Vaikuntanathan and Brent
                  Waters},
  title        = {A Framework for Efficient and Composable Oblivious
                  Transfer},
  booktitle    = {CRYPTO},
  year         = 2008,
  pages        = {554-571}
}

@InProceedings{DBLP:conf/ccs/BoldyrevaGK08,
  author       = {Alexandra Boldyreva and Vipul Goyal and Virendra
                  Kumar},
  title        = {Identity-based encryption with efficient revocation},
  booktitle    = {ACM Conference on Computer and Communications
                  Security},
  year         = 2008,
  pages        = {417-426}
}

@InProceedings{DBLP:conf/focs/DziembowskiP08,
  author       = {Stefan Dziembowski and Krzysztof Pietrzak},
  title        = {Leakage-Resilient Cryptography},
  booktitle    = {FOCS},
  year         = 2008,
  pages        = {293-302}
}

@Article{DBLP:journals/siamcomp/DodisORS08,
  author       = {Yevgeniy Dodis and Rafail Ostrovsky and Leonid
                  Reyzin and Adam Smith},
  title        = {Fuzzy Extractors: How to Generate Strong Keys from
                  Biometrics and Other Noisy Data},
  journal      = {SIAM J.~Comput.},
  volume       = 38,
  number       = 1,
  year         = 2008,
  pages        = {97-139},
  note         = {Preliminary version in EUROCRYPT 2004},
  prelimyear   = 2004
}

@Misc{sha3SIMD,
  author       = {Ga{\"e}tan Leurent and Charles Bouillaguet and
                  Pierre-Alain Fouque},
  title        = {{SIMD Is a Message Digest}},
  note         = {\url{http://www.di.ens.fr/~leurent/files/SIMD.pdf}},
  howpublished = {Submission to NIST},
  year         = 2008
}

@Article{DBLP:journals/siamcomp/DworkN07,
  author       = {Cynthia Dwork and Moni Naor},
  title        = {Zaps and Their Applications},
  journal      = {{SIAM} J. Comput.},
  year         = 2007,
  volume       = 36,
  number       = 6,
  pages        = {1513-1543},
  prelimyear   = {Preliminary version in FOCS 2000}
}

@Article{DBLP:journals/joc/CanettiHK07,
  author       = {Ran Canetti and Shai Halevi and Jonathan Katz},
  title        = {A Forward-Secure Public-Key Encryption Scheme},
  journal      = {J. Cryptology},
  volume       = 20,
  number       = 3,
  year         = 2007,
  pages        = {265-294},
  note         = {Preliminary version in EUROCRYPT 2003},
  prelimyear   = 2003
}

@InProceedings{DBLP:conf/acns/HuangWZ07,
  author       = {Qiong Huang and Duncan S. Wong and Yiming Zhao},
  title        = {Generic Transformation to Strongly Unforgeable
                  Signatures},
  booktitle    = {ACNS},
  year         = 2007,
  pages        = {1-17}
}

@InProceedings{DBLP:conf/crypto/HaleviK06,
  author       = {Shai Halevi and Hugo Krawczyk},
  title        = {Strengthening Digital Signatures Via Randomized
                  Hashing},
  booktitle    = {CRYPTO},
  year         = 2006,
  pages        = {41-59}
}

@InProceedings{DBLP:conf/scn/LevieilF06,
  author       = {{\'{E}}ric Levieil and Pierre{-}Alain Fouque},
  title        = {An Improved {LPN} Algorithm},
  booktitle    = {SCN},
  year         = 2006,
  pages        = {348-359}
}

@Misc{cryptoeprint:2006:145,
  author       = {Alexander Rostovtsev and Anton Stolbunov},
  title        = {PUBLIC-KEY CRYPTOSYSTEM BASED ON ISOGENIES},
  howpublished = {Cryptology ePrint Archive, Report 2006/145},
  year         = 2006,
  note         = {\url{https://eprint.iacr.org/2006/145}}
}

@Misc{cryptoeprint:2006:291,
  author       = {Jean-Marc Couveignes},
  title        = {Hard Homogeneous Spaces},
  howpublished = {Cryptology ePrint Archive, Report 2006/291},
  year         = 2006,
  note         = {\url{https://eprint.iacr.org/2006/291}}
}

@InProceedings{DBLP:conf/icalp/GennaroM06,
  author       = {Rosario Gennaro and Silvio Micali},
  title        = {Independent Zero-Knowledge Sets},
  booktitle    = {ICALP},
  year         = 2006,
  pages        = {34-45}
}

@InProceedings{DBLP:conf/stoc/NguyenV06,
  author       = {Minh{-}Huyen Nguyen and Salil P. Vadhan},
  title        = {Zero knowledge with efficient provers},
  booktitle    = {STOC},
  year         = 2006,
  pages        = {287-295}
}

@InProceedings{DBLP:conf/eurocrypt/RogawayS06,
  author       = {Phillip Rogaway and Thomas Shrimpton},
  title        = {A Provable-Security Treatment of the Key-Wrap
                  Problem},
  booktitle    = {EUROCRYPT},
  year         = 2006,
  pages        = {373-390}
}

@InProceedings{DBLP:conf/eurocrypt/AlmansaDN06,
  author       = {Jes{\'u}s F. Almansa and Ivan Damg{\aa}rd and Jesper
                  Buus Nielsen},
  title        = {Simplified Threshold {RSA} with Adaptive and
                  Proactive Security},
  booktitle    = {EUROCRYPT},
  year         = 2006,
  pages        = {593-611}
}

@InProceedings{DBLP:conf/stoc/AkaviaGGM06,
  author       = {Adi Akavia and Oded Goldreich and Shafi Goldwasser
                  and Dana Moshkovitz},
  title        = {On basing one-way functions on {NP}-hardness},
  booktitle    = {STOC},
  year         = 2006,
  pages        = {701-710}
}

@InProceedings{DBLP:conf/eurocrypt/KatzS06,
  author       = {Jonathan Katz and Ji Sun Shin},
  title        = {Parallel and Concurrent Security of the {HB} and
                  {HB}$^{\mbox{+}}$ Protocols},
  booktitle    = {EUROCRYPT},
  year         = 2006,
  pages        = {73-87}
}

@InProceedings{DBLP:conf/pkc/ChatterjeeS06,
  author       = {Sanjit Chatterjee and Palash Sarkar},
  title        = {Generalization of the Selective-{ID} Security Model
                  for {HIBE} Protocols},
  booktitle    = {Public Key Cryptography},
  year         = 2006,
  pages        = {241-256}
}

@InProceedings{DBLP:conf/ccs/GoyalPSW06,
  author       = {Vipul Goyal and Omkant Pandey and Amit Sahai and
                  Brent Waters},
  title        = {Attribute-based encryption for fine-grained access
                  control of encrypted data},
  booktitle    = {CCS},
  year         = 2006,
  pages        = {89-98}
}

@InProceedings{DBLP:conf/ccs/BellareN06,
  author       = {Mihir Bellare and Gregory Neven},
  title        = {Multi-signatures in the plain public-key model and a
                  general forking lemma},
  booktitle    = {CCS},
  year         = 2006,
  pages        = {390-399}
}

@InProceedings{DBLP:conf/asiacrypt/Liskov05,
  author       = {Moses D. Liskov},
  title        = {Updatable Zero-Knowledge Databases},
  booktitle    = {ASIACRYPT},
  year         = 2005,
  pages        = {174-198}
}

@Article{DBLP:journals/ijisec/GalindoMMV05,
  author       = {David Galindo and Sebasti{\`a} Mart\'{\i}n
                  Mollev\'{\i} and Paz Morillo and Jorge Luis Villar},
  title        = {{Fujisaki}-{Okamoto} hybrid encryption revisited},
  journal      = {Int. J. Inf. Sec.},
  year         = 2005,
  volume       = 4,
  number       = 4,
  pages        = {228-241}
}

@InProceedings{DBLP:conf/crypto/Fischlin05,
  author       = {Marc Fischlin},
  title        = {Communication-Efficient Non-interactive Proofs of
                  Knowledge with Online Extractors},
  booktitle    = {CRYPTO},
  year         = 2005,
  pages        = {152-168}
}

@InProceedings{DBLP:conf/crypto/CoronDMP05,
  author       = {Jean{-}S{\'{e}}bastien Coron and Yevgeniy Dodis and
                  C{\'{e}}cile Malinaud and Prashant Puniya},
  title        = {{Merkle}-{Damg{\aa}rd} Revisited: How to Construct a
                  Hash Function},
  booktitle    = {{CRYPTO}},
  year         = 2005,
  pages        = {430-448}
}

@InProceedings{DBLP:conf/crypto/Krawczyk05,
  author       = {Hugo Krawczyk},
  title        = {{HMQV}: A High-Performance Secure {Diffie-Hellman}
                  Protocol},
  booktitle    = {CRYPTO},
  year         = 2005,
  pages        = {546-566}
}

@InProceedings{DBLP:conf/eurocrypt/SahaiW05,
  author       = {Amit Sahai and Brent Waters},
  title        = {Fuzzy Identity-Based Encryption},
  booktitle    = {EUROCRYPT},
  year         = 2005,
  pages        = {457-473}
}

@InProceedings{DBLP:conf/eurocrypt/AbeGKS05,
  author       = {Masayuki Abe and Rosario Gennaro and Kaoru Kurosawa
                  and Victor Shoup},
  title        = {Tag-{KEM}/{DEM}: A New Framework for Hybrid
                  Encryption and A New Analysis of
                  {Kurosawa}-{Desmedt} {KEM}},
  booktitle    = {EUROCRYPT},
  year         = 2005,
  pages        = {128-146}
}

@InProceedings{DBLP:conf/esorics/AdaoBHS05,
  author       = {Pedro Ad{\~a}o and Gergei Bana and Jonathan Herzog
                  and Andre Scedrov},
  title        = {Soundness of Formal Encryption in the Presence of
                  Key-Cycles},
  booktitle    = {ESORICS},
  year         = 2005,
  pages        = {374-396}
}

@InProceedings{DBLP:conf/tcc/MicaliPSW05,
  author       = {Silvio Micali and Chris Peikert and Madhu Sudan and
                  David A. Wilson},
  title        = {Optimal Error Correction Against Computationally
                  Bounded Noise},
  booktitle    = {TCC},
  year         = 2005,
  pages        = {1-16}
}

@InProceedings{DBLP:conf/crypto/JuelsW05,
  author       = {Ari Juels and Stephen A. Weis},
  title        = {Authenticating Pervasive Devices with Human
                  Protocols},
  booktitle    = {CRYPTO},
  year         = 2005,
  pages        = {293-308}
}

@InProceedings{DBLP:conf/tcc/CanettiHK05,
  author       = {Ran Canetti and Shai Halevi and Jonathan Katz},
  title        = {Adaptively-Secure, Non-interactive Public-Key
                  Encryption},
  booktitle    = {TCC},
  year         = 2005,
  pages        = {150-168}
}

@InProceedings{DBLP:conf/chi/GarfinkelMSNM05,
  author       = {Simson L. Garfinkel and David Margrave and Jeffrey
                  I. Schiller and Erik Nordlander and Robert
                  C. Miller},
  title        = {How to make secure email easier to use},
  booktitle    = {CHI},
  year         = 2005,
  pages        = {701-710}
}

@Article{DBLP:journals/siamcomp/Kuperberg05,
  author       = {Greg Kuperberg},
  title        = {A Subexponential-Time Quantum Algorithm for the
                  Dihedral Hidden Subgroup Problem},
  journal      = {SIAM J.~Comput.},
  year         = 2005,
  volume       = 35,
  number       = 1,
  pages        = {170-188},
  note         = {Preliminary version in
                  \url{https://arxiv.org/abs/quant-ph/0302112}},
  prelimyear   = 2003
}

@MastersThesis{stolbunov04:_masters,
  author       = {Anton Stolbunov},
  title        = {Public-key encryption based on cycles of isogenous
                  elliptic curves},
  school       = {Saint-Petersburg State Polytechnical University},
  year         = 2004,
  note         = {In Russian}
}

@InProceedings{DBLP:conf/csfw/Canetti04,
  author       = {Ran Canetti},
  title        = {Universally Composable Signature, Certification, and
                  Authentication},
  booktitle    = {CSFW},
  year         = 2004,
  pages        = {219-}
}

@InProceedings{DBLP:conf/podc/LepinskiMP04,
  author       = {Matt Lepinski and Silvio Micali and Chris Peikert
                  and Abhi Shelat},
  title        = {Completely fair {SFE} and coalition-safe cheap talk},
  booktitle    = {PODC},
  year         = 2004,
  pages        = {1-10}
}

@InProceedings{DBLP:conf/tcc/MaurerRH04,
  author       = {Ueli M. Maurer and Renato Renner and Clemens
                  Holenstein},
  title        = {Indifferentiability, Impossibility Results on
                  Reductions, and Applications to the Random Oracle
                  Methodology},
  booktitle    = {TCC},
  year         = 2004,
  pages        = {21-39}
}

@InProceedings{DBLP:conf/tcc/MicaliR04,
  author       = {Silvio Micali and Leonid Reyzin},
  title        = {Physically Observable Cryptography (Extended
                  Abstract)},
  booktitle    = {TCC},
  year         = 2004,
  pages        = {278-296}
}

@Article{DBLP:journals/jacm/NaorR04,
  author       = {Moni Naor and Omer Reingold},
  title        = {Number-theoretic constructions of efficient
                  pseudo-random functions},
  journal      = {J. ACM},
  volume       = 51,
  number       = 2,
  year         = 2004,
  pages        = {231-262},
  note         = {Preliminary version in FOCS 1997},
  prelimyear   = 1997
}

@Book{goldreich01:_found_crypt,
  author       = {Oded Goldreich},
  title        = {Foundations of Cryptography},
  publisher    = {Cambridge University Press},
  year         = 2001,
  volume       = {I}
}

@Book{goldreich04:_found_of_crypt,
  author       = {Oded Goldreich},
  title        = {Foundations of Cryptography},
  publisher    = {Cambridge University Press},
  year         = 2004,
  volume       = {II}
}

@Article{DBLP:journals/jacm/CanettiGH04,
  author       = {Ran Canetti and Oded Goldreich and Shai Halevi},
  title        = {The random oracle methodology, revisited},
  journal      = {J. {ACM}},
  year         = 2004,
  volume       = 51,
  number       = 4,
  pages        = {557-594},
  note         = {Preliminary version in STOC 1998},
  prelimyear   = 1998
}

@InProceedings{DBLP:conf/crypto/DworkN94,
  author       = {Cynthia Dwork and Moni Naor},
  title        = {An Efficient Existentially Unforgeable Signature
                  Scheme and its Applications},
  booktitle    = {CRYPTO},
  year         = 1994,
  volume       = 839,
  pages        = {234-246}
}

@Article{DBLP:journals/dcc/LawMQSV03,
  author       = {Laurie Law and Alfred Menezes and Minghua Qu and
                  Jerome A. Solinas and Scott A. Vanstone},
  title        = {An Efficient Protocol for Authenticated Key
                  Agreement},
  journal      = {Des. Codes Cryptography},
  year         = 2003,
  volume       = 28,
  number       = 2,
  pages        = {119-134}
}

@Article{DBLP:journals/siamcomp/CramerS03,
  author       = {Ronald Cramer and Victor Shoup},
  title        = {Design and Analysis of Practical Public-Key
                  Encryption Schemes Secure against Adaptive Chosen
                  Ciphertext Attack},
  journal      = {SIAM J. Comput.},
  volume       = 33,
  number       = 1,
  year         = 2003,
  pages        = {167–226},
  prelimyear   = 1998,
  note         = {Preliminary version in CRYPTO 1998}
}

@InProceedings{DBLP:conf/focs/MicaliRK03,
  author       = {Silvio Micali and Michael O. Rabin and Joe Kilian},
  title        = {Zero-Knowledge Sets},
  booktitle    = {FOCS},
  year         = 2003,
  pages        = {80-91}
}

@InProceedings{DBLP:conf/crypto/Krawczyk03,
  author       = {Hugo Krawczyk},
  title        = {{SIGMA}: The '{SIGn}-and-{MAc}' Approach to
                  Authenticated {Diffie}-{Hellman} and Its Use in the
                  {IKE}-Protocols},
  booktitle    = {CRYPTO},
  year         = 2003,
  pages        = {400-425},
  note         = {Full version at
                  \url{http://webee.technion.ac.il/~hugo/sigma.html}}
}

@InProceedings{DBLP:conf/crypto/CanettiR03,
  author       = {Ran Canetti and Tal Rabin},
  title        = {Universal Composition with Joint State},
  booktitle    = {CRYPTO},
  year         = 2003,
  pages        = {265-281}
}

@InProceedings{DBLP:conf/ctrsa/BellareY03,
  author       = {Mihir Bellare and Bennet S. Yee},
  title        = {Forward-Security in Private-Key Cryptography},
  booktitle    = {CT-RSA},
  year         = 2003,
  pages        = {1-18}
}

@Article{DBLP:journals/jacm/SahaiV03,
  author       = {Amit Sahai and Salil P. Vadhan},
  title        = {A complete problem for statistical zero knowledge},
  journal      = {J. ACM},
  volume       = 50,
  number       = 2,
  year         = 2003,
  pages        = {196-249},
  note         = {Preliminary version in FOCS 1997},
  prelimyear   = 1997
}

@InProceedings{DBLP:conf/focs/Alekhnovich03,
  author       = {Michael Alekhnovich},
  title        = {More on Average Case vs Approximation Complexity},
  booktitle    = {FOCS},
  year         = 2003,
  pages        = {298-307}
}

@Article{DBLP:journals/jacm/DworkNRS03,
  author       = {Cynthia Dwork and Moni Naor and Omer Reingold and
                  Larry J. Stockmeyer},
  title        = {Magic Functions},
  journal      = {J. ACM},
  volume       = 50,
  number       = 6,
  year         = 2003,
  pages        = {852-921},
  note         = {Preliminary version in FOCS 1999},
  prelimyear   = 1999
}

@Article{DBLP:journals/jacm/BlumKW03,
  author       = {Avrim Blum and Adam Kalai and Hal Wasserman},
  title        = {Noise-tolerant learning, the parity problem, and the
                  statistical query model},
  journal      = {J. ACM},
  year         = 2003,
  volume       = 50,
  number       = 4,
  pages        = {506-519},
  note         = {Preliminary version in STOC 2000},
  prelimyear   = 2000
}

@Article{DBLP:journals/siamcomp/BonehF03,
  author       = {Dan Boneh and Matthew K. Franklin},
  title        = {Identity-Based Encryption from the {Weil} Pairing},
  journal      = {SIAM J. Comput.},
  volume       = 32,
  number       = 3,
  year         = 2003,
  pages        = {586-615},
  note         = {Preliminary version in CRYPTO 2001},
  prelimyear   = 2001
}

@Article{DBLP:journals/joc/Shoup02,
  author       = {Victor Shoup},
  title        = {{OAEP} Reconsidered},
  journal      = {J. Cryptology},
  volume       = 15,
  number       = 4,
  year         = 2002,
  pages        = {223-249},
  prelimyear   = 2001,
  note         = {Preliminary version in CRYPTO 2001}
}

@InProceedings{DBLP:conf/crypto/CanettiK02,
  author       = {Ran Canetti and Hugo Krawczyk},
  title        = {Security Analysis of {IKE}'s Signature-Based
                  Key-Exchange Protocol},
  booktitle    = {CRYPTO},
  year         = 2002,
  pages        = {143-161},
  note         = {Full version at
                  \url{http://eprint.iacr.org/2002/120}}
}

@InProceedings{DBLP:conf/eurocrypt/CanettiK02,
  author       = {Ran Canetti and Hugo Krawczyk},
  title        = {Universally Composable Notions of Key Exchange and
                  Secure Channels},
  booktitle    = {EUROCRYPT},
  year         = 2002,
  pages        = {337-351},
  note         = {Full version at
                  \url{http://eprint.iacr.org/2002/059}}
}

@InProceedings{DBLP:conf/crypto/Nielsen02,
  author       = {Jesper Buus Nielsen},
  title        = {Separating Random Oracle Proofs from Complexity
                  Theoretic Proofs: The Non-committing Encryption
                  Case},
  booktitle    = {CRYPTO},
  year         = 2002,
  pages        = {111-126}
}

@InProceedings{DBLP:conf/eurocrypt/CramerS02,
  author       = {Ronald Cramer and Victor Shoup},
  title        = {Universal Hash Proofs and a Paradigm for Adaptive
                  Chosen Ciphertext Secure Public-Key Encryption},
  booktitle    = {EUROCRYPT},
  year         = 2002,
  pages        = {45-64}
}

@InProceedings{DBLP:conf/sacrypt/BlackRS02,
  author       = {John Black and Phillip Rogaway and Thomas Shrimpton},
  title        = {Encryption-Scheme Security in the Presence of
                  Key-Dependent Messages},
  booktitle    = {Selected Areas in Cryptography},
  year         = 2002,
  pages        = {62-75}
}

@InProceedings{DBLP:conf/ctrsa/MicaliR02,
  author       = {Silvio Micali and Ronald L. Rivest},
  title        = {Micropayments Revisited},
  booktitle    = {CT-RSA},
  year         = 2002,
  pages        = {149-163}
}

@InProceedings{DBLP:conf/crypto/MicaliR01,
  author       = {Silvio Micali and Leonid Reyzin},
  title        = {Soundness in the Public-Key Model},
  booktitle    = {CRYPTO},
  year         = 2001,
  pages        = {542-565}
}

@InProceedings{DBLP:conf/icisc/SteinfeldBZ01,
  author       = {Ron Steinfeld and Laurence Bull and Yuliang Zheng},
  title        = {Content Extraction Signatures},
  booktitle    = {ICISC},
  year         = 2001,
  pages        = {285-304}
}

@InProceedings{DBLP:conf/ctrsa/OkamotoP01,
  author       = {Tatsuaki Okamoto and David Pointcheval},
  title        = {{REACT}: Rapid Enhanced-Security Asymmetric
                  Cryptosystem Transform},
  booktitle    = {CT-RSA},
  year         = 2001,
  pages        = {159-175}
}

@InProceedings{DBLP:conf/eurocrypt/CanettiK01,
  author       = {Ran Canetti and Hugo Krawczyk},
  title        = {Analysis of Key-Exchange Protocols and Their Use for
                  Building Secure Channels},
  booktitle    = {EUROCRYPT},
  year         = 2001,
  pages        = {453-474},
  note         = {Full version at
                  \url{http://eprint.iacr.org/2001/040}}
}

@InProceedings{DBLP:conf/focs/Canetti01,
  author       = {Ran Canetti},
  title        = {Universally Composable Security: A New Paradigm for
                  Cryptographic Protocols},
  booktitle    = {FOCS},
  year         = 2001,
  pages        = {136-145}
}

@Misc{cryptoeprint:2000:067,
  author       = {Ran Canetti},
  title        = {Universally Composable Security: A New Paradigm for
                  Cryptographic Protocols},
  howpublished = {Cryptology ePrint Archive, Report 2000/067},
  year         = 2000,
  note         = {\url{http://eprint.iacr.org/}}
}

@InProceedings{DBLP:conf/eurocrypt/CamenischL01,
  author       = {Jan Camenisch and Anna Lysyanskaya},
  title        = {An Efficient System for Non-transferable Anonymous
                  Credentials with Optional Anonymity Revocation},
  booktitle    = {EUROCRYPT},
  year         = 2001,
  pages        = {93-118}
}

@InProceedings{DBLP:conf/calc/Coppersmith01,
  author       = {Don Coppersmith},
  title        = {Finding Small Solutions to Small Degree Polynomials},
  booktitle    = {CaLC},
  year         = 2001,
  pages        = {20-31}
}

@InProceedings{DBLP:conf/asiacrypt/HopperB01,
  author       = {Nicholas J. Hopper and Manuel Blum},
  title        = {Secure Human Identification Protocols},
  booktitle    = {ASIACRYPT},
  year         = 2001,
  pages        = {52-66}
}

@InProceedings{DBLP:conf/crypto/ShamirT01,
  author       = {Adi Shamir and Yael Tauman},
  title        = {Improved Online/Offline Signature Schemes},
  booktitle    = {CRYPTO},
  year         = 2001,
  pages        = {355-367}
}

@InProceedings{DBLP:conf/asiacrypt/BellareBDP01,
  author       = {Mihir Bellare and Alexandra Boldyreva and Anand
                  Desai and David Pointcheval},
  title        = {Key-Privacy in Public-Key Encryption},
  booktitle    = {ASIACRYPT},
  year         = 2001,
  pages        = {566-582}
}

@Article{DBLP:journals/joc/LenstraV01,
  author       = {Arjen K. Lenstra and Eric R. Verheul},
  title        = {Selecting Cryptographic Key Sizes},
  journal      = {J. Cryptology},
  year         = 2001,
  volume       = 14,
  pages        = {255-293},
  number       = 4
}

@Article{DBLP:journals/siamcomp/NaorRR02,
  author       = {Moni Naor and Omer Reingold and Alon Rosen},
  title        = {Pseudorandom Functions and Factoring},
  journal      = {SIAM J. Comput.},
  volume       = 31,
  number       = 5,
  year         = 2002,
  pages        = {1383-1404},
  note         = {Preliminary version in STOC 2000},
  prelimyear   = 2000
}

@InProceedings{DBLP:conf/ctrsa/AbdallaBR01,
  author       = {Michel Abdalla and Mihir Bellare and Phillip
                  Rogaway},
  title        = {The Oracle {Diffie}-{Hellman} Assumptions and an
                  Analysis of {DHIES}},
  booktitle    = {CT-RSA},
  year         = 2001,
  pages        = {143-158}
}

@Article{DBLP:journals/jcss/Okamoto00,
  author       = {Tatsuaki Okamoto},
  title        = {On Relationships between Statistical Zero-Knowledge
                  Proofs},
  journal      = {J. Comput. Syst. Sci.},
  year         = 2000,
  volume       = 60,
  number       = 1,
  pages        = {47-108},
  note         = {Preliminary version in STOC 1996},
  prelimyear   = 1996
}

@InProceedings{DBLP:conf/eurocrypt/Shoup00,
  author       = {Victor Shoup},
  title        = {Practical Threshold Signatures},
  booktitle    = {EUROCRYPT},
  year         = 2000,
  pages        = {207-220}
}

@Article{DBLP:journals/ita/MereghettiP00,
  author       = {Carlo Mereghetti and Beatrice Palano},
  title        = {Threshold circuits for iterated matrix product and
                  powering},
  journal      = {ITA},
  volume       = 34,
  number       = 1,
  year         = 2000,
  pages        = {39-46}
}

@Article{DBLP:journals/siamcomp/DolevDN00,
  author       = {Danny Dolev and Cynthia Dwork and Moni Naor},
  title        = {Nonmalleable Cryptography},
  journal      = {SIAM J. Comput.},
  year         = 2000,
  volume       = 30,
  number       = 2,
  pages        = {391-437},
  note         = {Preliminary version in STOC 1991},
  prelimyear   = 1991
}

@InProceedings{DBLP:conf/ndss/KrawczykR00,
  author       = {Hugo Krawczyk and Tal Rabin},
  title        = {Chameleon Signatures},
  booktitle    = {NDSS},
  year         = 2000
}

@InProceedings{DBLP:conf/crypto/Coron00,
  author       = {Jean-S{\'e}bastien Coron},
  title        = {On the Exact Security of Full Domain Hash},
  booktitle    = {CRYPTO},
  year         = 2000,
  pages        = {229-235}
}

@Article{DBLP:journals/tissec/CramerS00,
  author       = {Ronald Cramer and Victor Shoup},
  title        = {Signature schemes based on the strong {RSA}
                  assumption},
  journal      = {ACM Trans. Inf. Syst. Secur.},
  volume       = 3,
  number       = 3,
  year         = 2000,
  pages        = {161-185},
  note         = {Preliminary version in CCS 1999},
  prelimyear   = 1999
}

@InProceedings{DBLP:conf/crypto/DamgardN00,
  author       = {Ivan Damg{\aa}rd and Jesper Buus Nielsen},
  title        = {Improved Non-committing Encryption Schemes Based on
                  a General Complexity Assumption},
  booktitle    = {CRYPTO},
  year         = 2000,
  pages        = {432-450}
}

@InProceedings{DBLP:conf/eurocrypt/Shoup00a,
  author       = {Victor Shoup},
  title        = {Using Hash Functions as a Hedge against Chosen
                  Ciphertext Attack},
  booktitle    = {EUROCRYPT},
  year         = 2000,
  pages        = {275-288}
}

@Misc{cryptoeprint:1999:012,
  author       = {Victor Shoup},
  title        = {On Formal Models for Secure Key Exchange},
  howpublished = {Cryptology ePrint Archive, Report 1999/012},
  year         = 1999,
  note         = {\url{http://eprint.iacr.org/}}
}

@InProceedings{DBLP:conf/eurocrypt/Paillier99,
  author       = {Pascal Paillier},
  title        = {Public-Key Cryptosystems Based on Composite Degree
                  Residuosity Classes},
  booktitle    = {EUROCRYPT '99},
  year         = 1999,
  pages        = {223-238}
}

@InProceedings{DBLP:conf/eurocrypt/NaorPR99,
  author       = {Moni Naor and Benny Pinkas and Omer Reingold},
  title        = {Distributed Pseudo-random Functions and {KDC}s},
  booktitle    = {EUROCRYPT},
  year         = 1999,
  pages        = {327-346}
}

@Article{DBLP:journals/siamcomp/FeigeLS99,
  author       = {Uriel Feige and Dror Lapidot and Adi Shamir},
  title        = {Multiple NonInteractive Zero Knowledge Proofs Under
                  General Assumptions},
  journal      = {SIAM J. Comput.},
  volume       = 29,
  number       = 1,
  year         = 1999,
  pages        = {1-28},
  prelimyear   = 1990,
  note         = {Preliminary version in FOCS 1990}
}

@InProceedings{DBLP:conf/crypto/BellareM99,
  author       = {Mihir Bellare and Sara K. Miner},
  title        = {A Forward-Secure Digital Signature Scheme},
  booktitle    = {CRYPTO},
  year         = 1999,
  pages        = {431-448}
}

@Article{DBLP:journals/siamcomp/HastadILL99,
  author       = {Johan H{\aa}stad and Russell Impagliazzo and Leonid
                  A. Levin and Michael Luby},
  title        = {A Pseudorandom Generator from any One-way Function},
  journal      = {SIAM J. Comput.},
  volume       = 28,
  number       = 4,
  year         = 1999,
  pages        = {1364-1396}
}

@Article{DBLP:journals/jcss/NaorR99,
  author       = {Moni Naor and Omer Reingold},
  title        = {Synthesizers and Their Application to the Parallel
                  Construction of Pseudo-Random Functions},
  journal      = {J. Comput. Syst. Sci.},
  volume       = 58,
  number       = 2,
  year         = 1999,
  pages        = {336-375},
  note         = {Preliminary version in FOCS 1995},
  prelimyear   = 1995
}

@InProceedings{DBLP:conf/focs/MicaliRV99,
  author       = {Silvio Micali and Michael O. Rabin and Salil
                  P. Vadhan},
  title        = {Verifiable Random Functions},
  booktitle    = {FOCS},
  year         = 1999,
  pages        = {120-130}
}

@Article{DBLP:journals/joc/NaorR99,
  author       = {Moni Naor and Omer Reingold},
  title        = {On the Construction of Pseudorandom Permutations:
                  {Luby}-{Rackoff} Revisited},
  journal      = {J. Cryptology},
  year         = 1999,
  volume       = 12,
  number       = 1,
  pages        = {29-66},
  note         = {Preliminary version in STOC 1997},
  prelimyear   = 1997
}

@InProceedings{DBLP:conf/eurocrypt/CanettiG99,
  author       = {Ran Canetti and Shafi Goldwasser},
  title        = {An Efficient {\it Threshold} Public Key Cryptosystem
                  Secure Against Adaptive Chosen Ciphertext Attack},
  booktitle    = {EUROCRYPT},
  year         = 1999,
  pages        = {90-106}
}

@InProceedings{DBLP:conf/eurocrypt/GennaroHR99,
  author       = {Rosario Gennaro and Shai Halevi and Tal Rabin},
  title        = {Secure Hash-and-Sign Signatures Without the Random
                  Oracle},
  booktitle    = {EUROCRYPT},
  year         = 1999,
  pages        = {123-139}
}

@InProceedings{DBLP:conf/crypto/FujisakiO99,
  author       = {Eiichiro Fujisaki and Tatsuaki Okamoto},
  title        = {Secure Integration of Asymmetric and Symmetric
                  Encryption Schemes},
  booktitle    = {CRYPTO},
  year         = 1999,
  pages        = {537-554}
}

@InProceedings{DBLP:conf/crypto/GoldreichSV99,
  author       = {Oded Goldreich and Amit Sahai and Salil P. Vadhan},
  title        = {Can statistical zero knowledge Be Made
                  Non-interactive? or On the Relationship of {SZK} and
                  {NISZK}},
  booktitle    = {CRYPTO},
  year         = 1999,
  pages        = {467-484}
}

@InProceedings{DBLP:conf/pkc/FujisakiO99,
  author       = {Eiichiro Fujisaki and Tatsuaki Okamoto},
  title        = {How to Enhance the Security of Public-Key Encryption
                  at Minimum Cost},
  booktitle    = {Public Key Cryptography},
  year         = 1999,
  pages        = {53-68}
}

@InProceedings{DBLP:conf/latin/BrassardHT98,
  author       = {Gilles Brassard and Peter H{\o}yer and Alain Tapp},
  title        = {Quantum Cryptanalysis of Hash and Claw-Free
                  Functions},
  booktitle    = {LATIN},
  year         = 1998,
  pages        = {163-169}
}

@InProceedings{DBLP:conf/crypto/BellareDPR98,
  author       = {Mihir Bellare and Anand Desai and David Pointcheval
                  and Phillip Rogaway},
  title        = {Relations Among Notions of Security for Public-Key
                  Encryption Schemes},
  booktitle    = {CRYPTO},
  year         = 1998,
  pages        = {26-45}
}

@InProceedings{DBLP:conf/stoc/BellareCK98,
  author       = {Mihir Bellare and Ran Canetti and Hugo Krawczyk},
  title        = {A Modular Approach to the Design and Analysis of
                  Authentication and Key Exchange Protocols (Extended
                  Abstract)},
  booktitle    = {STOC},
  year         = 1998,
  pages        = {419-428}
}

@InProceedings{DBLP:conf/stoc/GoldreichSV98,
  author       = {Oded Goldreich and Amit Sahai and Salil P. Vadhan},
  title        = {Honest-Verifier Statistical Zero-Knowledge Equals
                  General Statistical Zero-Knowledge},
  booktitle    = {STOC},
  year         = 1998,
  pages        = {399-408}
}

@MastersThesis{Fehr98,
  author       = {Serge Fehr},
  title        = {Span Programs over Rings and How to Share a Secret
                  from a Module},
  year         = 1998,
  address      = {Institute for Theoretical Computer Science},
  school       = {ETH Zurich}
}

@InProceedings{DBLP:conf/asiacrypt/BonehDF98,
  author       = {Dan Boneh and Glenn Durfee and Yair Frankel},
  title        = {An Attack on {RSA} Given a Small Fraction of the
                  Private Key Bits},
  booktitle    = {ASIACRYPT},
  year         = 1998,
  pages        = {25-34}
}

@InProceedings{DBLP:conf/crypto/CramerS98,
  author       = {Ronald Cramer and Victor Shoup},
  title        = {A Practical Public Key Cryptosystem Provably Secure
                  Against Adaptive Chosen Ciphertext Attack},
  booktitle    = {CRYPTO},
  year         = 1998,
  pages        = {13-25}
}

@InProceedings{DBLP:conf/icics/BellareR97,
  author       = {Mihir Bellare and Phillip Rogaway},
  title        = {Minimizing the use of random oracles in
                  authenticated encryption schemes},
  booktitle    = {ICICS},
  year         = 1997,
  pages        = {1-16}
}

@Article{DBLP:journals/joc/Coppersmith97,
  author       = {Don Coppersmith},
  title        = {Small Solutions to Polynomial Equations, and Low
                  Exponent {RSA} Vulnerabilities},
  journal      = {J. Cryptology},
  volume       = 10,
  number       = 4,
  year         = 1997,
  pages        = {233-260}
}

@InProceedings{DBLP:conf/eurocrypt/Shoup97,
  author       = {Victor Shoup},
  title        = {Lower Bounds for Discrete Logarithms and Related
                  Problems},
  booktitle    = {EUROCRYPT},
  year         = 1997,
  pages        = {256-266}
}

@Article{DBLP:journals/siamcomp/Shor97,
  author       = {Peter W. Shor},
  title        = {Polynomial-Time Algorithms for Prime Factorization
                  and Discrete Logarithms on a Quantum Computer},
  journal      = {SIAM J. Comput.},
  year         = 1997,
  volume       = 26,
  number       = 5,
  pages        = {1484-1509},
  note         = {Preliminary version in FOCS 1994},
  prelimyear   = 1994
}

@InProceedings{DBLP:conf/focs/BellareDJR97,
  author       = {Mihir Bellare and Anand Desai and E. Jokipii and
                  Phillip Rogaway},
  title	       = {A Concrete Security Treatment of Symmetric
                  Encryption},
  booktitle    = {FOCS},
  year	       = 1997,
  pages	       = {394-403}
}

@InProceedings{DBLP:conf/crypto/CanettiDNO97,
  author       = {Ran Canetti and Cynthia Dwork and Moni Naor and
                  Rafail Ostrovsky},
  title	       = {Deniable Encryption},
  booktitle    = {CRYPTO},
  year	       = 1997,
  pages	       = {90-104}
}

@InProceedings{DBLP:conf/ndss/Krawczyk96,
  author       = {Hugo Krawczyk},
  title	       = {{SKEME}: a versatile secure key exchange mechanism
                  for {Internet}},
  booktitle    = {NDSS},
  year	       = 1996,
  pages	       = {114-127}
}

@InProceedings{DBLP:conf/focs/CanettiG96,
  author       = {Ran Canetti and Rosario Gennaro},
  title	       = {Incoercible Multiparty Computation (extended
                  abstract)},
  booktitle    = {FOCS},
  year	       = 1996,
  pages	       = {504-513}
}

@InProceedings{DBLP:conf/stoc/Grover96,
  author       = {Lov K. Grover},
  title        = {A Fast Quantum Mechanical Algorithm for Database
                  Search},
  booktitle    = {STOC},
  year         = 1996,
  pages        = {212-219}
}

@InProceedings{DBLP:conf/stoc/CanettiFGN96,
  author       = {Ran Canetti and Uriel Feige and Oded Goldreich and
                  Moni Naor},
  title	       = {Adaptively Secure Multi-Party Computation},
  booktitle    = {STOC},
  year	       = 1996,
  pages	       = {639-648}
}

@InProceedings{DBLP:conf/eurocrypt/PointchevalS96,
  author       = {David Pointcheval and Jacques Stern},
  title        = {Security Proofs for Signature Schemes},
  booktitle    = {EUROCRYPT},
  year         = 1996,
  pages        = {387-398}
}

@Article{DBLP:journals/joc/ImpagliazzoN96,
  author       = {Russell Impagliazzo and Moni Naor},
  title        = {Efficient Cryptographic Schemes Provably as Secure
                  as Subset Sum},
  journal      = {J. Cryptology},
  year         = 1996,
  volume       = 9,
  number       = 4,
  pages        = {199-216},
  note         = {Preliminary version in FOCS 1989},
  prelimyear   = 1989
}

@InProceedings{DBLP:conf/stoc/BellareR95,
  author       = {Mihir Bellare and Phillip Rogaway},
  title	       = {Provably secure session key distribution: the three
                  party case},
  booktitle    = {STOC},
  year	       = 1995,
  pages	       = {57-66}
}

@InProceedings{DBLP:conf/coco/Impagliazzo95,
  author       = {Russell Impagliazzo},
  title	       = {A Personal View of Average-Case Complexity},
  booktitle    = {Structure in Complexity Theory Conference},
  year	       = 1995,
  pages	       = {134-147}
}

@Article{DBLP:journals/joc/GoldreichO94,
  author       = {Oded Goldreich and Yair Oren},
  title        = {Definitions and Properties of Zero-Knowledge Proof
                  Systems},
  journal      = {J. Cryptology},
  year         = 1994,
  volume       = 7,
  number       = 1,
  pages        = {1-32}
}

@InProceedings{DBLP:conf/focs/Micali94,
  author       = {Silvio Micali},
  title        = {{CS} Proofs},
  booktitle    = {FOCS},
  year         = 1994,
  pages        = {436-453}
}

@InProceedings{DBLP:conf/eurocrypt/BellareR94,
  author       = {Mihir Bellare and Phillip Rogaway},
  title	       = {Optimal Asymmetric Encryption},
  booktitle    = {EUROCRYPT},
  year	       = 1994,
  pages	       = {92-111}
}

@Article{DBLP:journals/siamdm/DesmedtF94,
  author       = {Yvo Desmedt and Yair Frankel},
  title	       = {Perfect Homomorphic Zero-Knowledge Threshold Schemes
                  over any Finite Abelian Group},
  journal      = {SIAM J. Discrete Math.},
  volume       = 7,
  number       = 4,
  year	       = 1994,
  pages	       = {667-679}
}

@TechReport{benaloh94:_uncoer_commun,
  author       = {Josh Benaloh and Dwight Tuinstra},
  title	       = {Uncoercible Communication},
  institution  = {Clarkson University},
  year	       = 1994,
  number       = {TR-MCS-94-1},
  month	       = {March}
}

@Article{DBLP:journals/jsac/BirdGHJKMY93,
  author       = {Ray Bird and Inder S. Gopal and Amir Herzberg and
                  Philippe A. Janson and Shay Kutten and Refik Molva
                  and Moti Yung},
  title	       = {Systematic Design of a Family of Attack-Resistant
                  Authentication Protocols},
  journal      = {IEEE Journal on Selected Areas in Communications},
  volume       = 11,
  number       = 5,
  year	       = 1993,
  pages	       = {679-693},
  note	       = {Preliminary version in CRYPTO 1991},
  prelimyear   = 1991
}

@Book{lenstra93:_devel_of_number_field_sieve,
  editor       = {A. K. Lenstra and H. W. Lenstra},
  title	       = {The development of the number field sieve},
  publisher    = {Springer-Verlag},
  year	       = 1993,
  month	       = {August}
}

@InProceedings{DBLP:conf/crypto/BellareR93,
  author       = {Mihir Bellare and Phillip Rogaway},
  title	       = {Entity Authentication and Key Distribution},
  booktitle    = {CRYPTO},
  year	       = 1993,
  pages	       = {232-249}
}

@InProceedings{DBLP:conf/eurocrypt/BenalohM93,
  author       = {Josh Cohen Benaloh and Michael de Mare},
  title        = {One-Way Accumulators: {A} Decentralized Alternative
                  to Digital Sinatures (Extended Abstract)},
  booktitle    = {EUROCRYPT},
  year         = 1993,
  volume       = 765,
  pages        = {274-285}
}

@InProceedings{DBLP:conf/ccs/BellareR93,
  author       = {Mihir Bellare and Phillip Rogaway},
  title	       = {Random Oracles are Practical: A Paradigm for
                  Designing Efficient Protocols},
  booktitle    = {ACM Conference on Computer and Communications
                  Security},
  year	       = 1993,
  pages	       = {62-73}
}

@InProceedings{DBLP:conf/stoc/Kilian92,
  author       = {Joe Kilian},
  title        = {A Note on Efficient Zero-Knowledge Proofs and
                  Arguments},
  booktitle    = {STOC},
  year         = 1992,
  pages        = {723-732}
}

@Article{DBLP:journals/siamcomp/ReifT92,
  author       = {John H. Reif and Stephen R. Tate},
  title	       = {On Threshold Circuits and Polynomial Computation},
  journal      = {SIAM J. Comput.},
  volume       = 21,
  number       = 5,
  year	       = 1992,
  pages	       = {896-908}
}

@Article{DBLP:journals/joc/Schnorr91,
  author       = {Claus{-}Peter Schnorr},
  title	       = {Efficient Signature Generation by Smart Cards},
  journal      = {J. Cryptology},
  year	       = 1991,
  volume       = 4,
  number       = 3,
  pages	       = {161-174},
  note	       = {Preliminary version in CRYPTO 1989},
  prelimyear   = 1989
}

@InProceedings{DBLP:conf/crypto/RackoffS91,
  author       = {Charles Rackoff and Daniel R. Simon},
  title	       = {Non-Interactive Zero-Knowledge Proof of Knowledge
                  and Chosen Ciphertext Attack},
  booktitle    = {CRYPTO},
  year	       = 1991,
  pages	       = {433-444}
}

@Article{DBLP:journals/siamcomp/NaorN93,
  author       = {Joseph Naor and Moni Naor},
  title	       = {Small-Bias Probability Spaces: Efficient
                  Constructions and Applications},
  journal      = {SIAM J. Comput.},
  volume       = 22,
  number       = 4,
  year	       = 1993,
  pages	       = {838-856},
  prelimyear   = 1990,
  note	       = {Preliminary version in STOC 1990}
}

@InProceedings{DBLP:conf/crypto/BlumFKL93,
  author       = {Avrim Blum and Merrick L. Furst and Michael
                  J. Kearns and Richard J. Lipton},
  title	       = {Cryptographic Primitives Based on Hard Learning
                  Problems},
  booktitle    = {CRYPTO},
  year	       = 1993,
  pages	       = {278-291}
}

@InProceedings{DBLP:conf/crypto/ChaumP92,
  author       = {David Chaum and Torben P. Pedersen},
  title        = {Wallet Databases with Observers},
  booktitle    = {CRYPTO},
  year         = 1992,
  pages        = {89-105}
}

@Article{DBLP:journals/jacm/GoldreichMW91,
  author       = {Oded Goldreich and Silvio Micali and Avi Wigderson},
  title        = {Proofs that Yield Nothing But Their Validity for All
                  Languages in {NP} Have Zero-Knowledge Proof Systems},
  journal      = {J. {ACM}},
  year         = 1991,
  volume       = 38,
  number       = 3,
  pages        = {691-729}
}

@Article{DBLP:journals/siamcomp/BlumSMP91,
  author       = {Manuel Blum and Alfredo {De Santis} and Silvio Micali
                  and Giuseppe Persiano},
  title	       = {Noninteractive Zero-Knowledge},
  journal      = {SIAM J. Comput.},
  volume       = 20,
  number       = 6,
  year	       = 1991,
  pages	       = {1084-1118},
  prelimyear   = 1988,
  note	       = {Preliminary version in STOC 1988}
}

@InProceedings{DBLP:conf/stoc/Rompel90,
  author       = {John Rompel},
  title	       = {One-Way Functions are Necessary and Sufficient for
                  Secure Signatures},
  booktitle    = {STOC},
  year	       = 1990,
  pages	       = {387-394}
}

@InProceedings{DBLP:conf/stoc/NaorY90,
  author       = {Moni Naor and Moti Yung},
  title	       = {Public-key Cryptosystems Provably Secure against
                  Chosen Ciphertext Attacks},
  booktitle    = {STOC},
  year	       = 1990,
  pages	       = {427-437},
}

@InProceedings{DBLP:conf/stoc/RabinB89,
  author       = {Tal Rabin and Michael {Ben-Or}},
  title	       = {Verifiable Secret Sharing and Multiparty Protocols
                  with Honest Majority (Extended Abstract)},
  booktitle    = {STOC},
  year	       = 1989,
  pages	       = {73-85}
}

@InProceedings{DBLP:conf/crypto/BellareG89,
  author       = {Mihir Bellare and Shafi Goldwasser},
  title        = {New Paradigms for Digital Signatures and Message
                  Authentication Based on Non-Interative Zero
                  Knowledge Proofs},
  booktitle    = {CRYPTO},
  year         = 1989,
  pages        = {194-211}
}

@Article{DBLP:journals/siamcomp/GoldwasserMR89,
  author       = {Shafi Goldwasser and Silvio Micali and Charles
                  Rackoff},
  title	       = {The Knowledge Complexity of Interactive Proof
                  Systems},
  journal      = {SIAM J. Comput.},
  volume       = 18,
  number       = 1,
  year	       = 1989,
  pages	       = {186-208},
  prelimyear   = 1985,
  note	       = {Preliminary version in STOC 1985}
}

@InProceedings{DBLP:conf/stoc/NaorY89,
  author       = {Moni Naor and Moti Yung},
  title	       = {Universal One-Way Hash Functions and their
                  Cryptographic Applications},
  booktitle    = {STOC},
  year	       = 1989,
  pages	       = {33-43},
}

@InProceedings{DBLP:conf/stoc/GoldreichL89,
  author       = {Oded Goldreich and Leonid A. Levin},
  title	       = {A Hard-Core Predicate for all One-Way Functions},
  booktitle    = {STOC},
  year	       = 1989,
  pages	       = {25-32}
}

@InProceedings{DBLP:conf/crypto/DesmedtF89,
  author       = {Yvo Desmedt and Yair Frankel},
  title	       = {Threshold Cryptosystems},
  booktitle    = {CRYPTO},
  year	       = 1989,
  pages	       = {307-315}
}

@InProceedings{DBLP:conf/crypto/Merkle89,
  author       = {Ralph C. Merkle},
  title        = {A Certified Digital Signature},
  booktitle    = {CRYPTO},
  year         = 1989,
  pages        = {218-238}
}

@InProceedings{DBLP:conf/crypto/Damgard89a,
  author       = {Ivan Damg{\aa}rd},
  title        = {A Design Principle for Hash Functions},
  booktitle    = {CRYPTO},
  year         = 1989,
  pages        = {416-427}
}

@Article{DBLP:journals/jcss/Barrington89,
  author       = {David A. Mix Barrington},
  title        = {Bounded-Width Polynomial-Size Branching Programs
                  Recognize Exactly Those Languages in {NC$^1$}},
  journal      = {J. Comput. Syst. Sci.},
  year         = 1989,
  volume       = 38,
  number       = 1,
  pages        = {150-164},
  note         = {Preliminary version in STOC 1986},
  prelimyear   = 1986
}

@Article{DBLP:journals/siamcomp/GrollmannS88,
  author       = {Joachim Grollmann and Alan L. Selman},
  title	       = {Complexity Measures for Public-Key Cryptosystems},
  journal      = {SIAM J. Comput.},
  volume       = 17,
  number       = 2,
  year	       = 1988,
  pages	       = {309-335}
}

@InProceedings{DBLP:conf/crypto/ChaumFN88,
  author       = {David Chaum and Amos Fiat and Moni Naor},
  title	       = {Untraceable Electronic Cash},
  booktitle    = {CRYPTO},
  year	       = 1988,
  pages	       = {319-327}
}

@InProceedings{DBLP:conf/stoc/BlumFM88,
  author       = {Manuel Blum and Paul Feldman and Silvio Micali},
  title        = {Non-Interactive Zero-Knowledge and Its Applications
                  (Extended Abstract)},
  booktitle    = {STOC},
  year         = 1988,
  pages        = {103-112}
}

@InProceedings{DBLP:conf/stoc/Ben-OrGW88,
  author       = {Michael {Ben-Or} and Shafi Goldwasser and Avi
                  Wigderson},
  title	       = {Completeness Theorems for Non-Cryptographic
                  Fault-Tolerant Distributed Computation (Extended
                  Abstract)},
  booktitle    = {STOC},
  year	       = 1988,
  pages	       = {1-10}
}

@Article{DBLP:journals/siamcomp/GoldwasserMR88,
  author       = {Shafi Goldwasser and Silvio Micali and Ronald
                  L. Rivest},
  title	       = {A Digital Signature Scheme Secure Against Adaptive
                  Chosen-Message Attacks},
  journal      = {SIAM J. Comput.},
  volume       = 17,
  number       = 2,
  year	       = 1988,
  pages	       = {281-308},
  note	       = {Preliminary version in FOCS 1984},
  prelimyear   = 1984
}

@Article{DBLP:journals/siamcomp/LubyR88,
  author       = {Michael Luby and Charles Rackoff},
  title	       = {How to Construct Pseudorandom Permutations from
                  Pseudorandom Functions},
  journal      = {SIAM J. Comput.},
  volume       = 17,
  number       = 2,
  year	       = 1988,
  pages	       = {373-386},
  note	       = {Preliminary version in CRYPTO 1985},
  prelimyear   = 1985
}

@TechReport{Berkeley:CSD-88-408,
  author       = {Richard Karp and Vijaya Ramachandran},
  title	       = {A Survey of Parallel Algorithms for Shared-Memory
                  Machines},
  institution  = {"University of California, Berkeley"},
  year	       = 1988
}

@InProceedings{DBLP:conf/crypto/SantisMP87,
  author       = {Alfredo De Santis and Silvio Micali and Giuseppe
                  Persiano},
  title        = {Non-Interactive Zero-Knowledge Proof Systems},
  booktitle    = {CRYPTO},
  year         = 1987,
  pages        = {52-72}
}

@InProceedings{DBLP:conf/crypto/Merkle87,
  author       = {Ralph C. Merkle},
  title        = {A Digital Signature Based on a Conventional
                  Encryption Function},
  booktitle    = {CRYPTO},
  year         = 1987,
  pages        = {369-378}
}

@InProceedings{DBLP:conf/stoc/GoldreichMW87,
  author       = {Oded Goldreich and Silvio Micali and Avi Wigderson},
  title        = {How to Play any Mental Game or {A} Completeness
                  Theorem for Protocols with Honest Majority},
  booktitle    = {STOC},
  year         = 1987,
  pages        = {218-229}
}

@Article{DBLP:journals/ipl/BoppanaHZ87,
  author       = {Ravi B. Boppana and Johan H{\aa}stad and Stathis
                  Zachos},
  title	       = {Does co-{NP} Have Short Interactive Proofs?},
  journal      = {Inf. Process. Lett.},
  volume       = 25,
  number       = 2,
  year	       = 1987,
  pages	       = {127-132}
}

@Article{DBLP:journals/jacm/GoldreichGM86,
  author       = {Oded Goldreich and Shafi Goldwasser and Silvio
                  Micali},
  title	       = {How to construct random functions},
  journal      = {J. ACM},
  volume       = 33,
  number       = 4,
  year	       = 1986,
  pages	       = {792-807},
  note	       = {Preliminary version in FOCS 1984},
  prelimyear   = 1984
}

@Article{DBLP:journals/siamcomp/BlumBS86,
  author       = {Lenore Blum and Manuel Blum and Mike Shub},
  title	       = {A Simple Unpredictable Pseudo-Random Number
                  Generator},
  journal      = {SIAM J. Comput.},
  volume       = 15,
  number       = 2,
  year	       = 1986,
  pages	       = {364-383}
}

@InProceedings{DBLP:conf/crypto/FiatS86,
  author       = {Amos Fiat and Adi Shamir},
  title	       = {How to Prove Yourself: Practical Solutions to
                  Identification and Signature Problems},
  booktitle    = {CRYPTO},
  year	       = 1986,
  pages	       = {186-194}
}

@InProceedings{DBLP:conf/focs/ChorGMA85,
  author       = {Benny Chor and Shafi Goldwasser and Silvio Micali
                  and Baruch Awerbuch},
  title        = {Verifiable Secret Sharing and Achieving Simultaneity
                  in the Presence of Faults (Extended Abstract)},
  booktitle    = {FOCS},
  year         = 1985,
  pages        = {383-395}
}

@InProceedings{DBLP:conf/stoc/Babai85,
  author       = {L{\'{a}}szl{\'{o}} Babai},
  title        = {Trading Group Theory for Randomness},
  booktitle    = {STOC},
  year         = 1985,
  pages        = {421-429}
}

@Article{DBLP:journals/siamcomp/CookH85,
  author       = {Stephen A. Cook and H. James Hoover},
  title        = {A Depth-Universal Circuit},
  journal      = {SIAM J. Comput.},
  year         = 1985,
  volume       = 14,
  number       = 4,
  pages        = {833-839}
}

@InProceedings{DBLP:conf/crypto/Gamal84,
  author       = {Taher ElGamal},
  title	       = {A Public Key Cryptosystem and a Signature Scheme
                  Based on Discrete Logarithms},
  booktitle    = {CRYPTO},
  year	       = 1984,
  pages	       = {10-18}
}

@InProceedings{DBLP:conf/crypto/Shamir84,
  author       = {Adi Shamir},
  title	       = {Identity-Based Cryptosystems and Signature Schemes},
  booktitle    = {CRYPTO},
  year	       = 1984,
  pages	       = {47-53}
}

@Article{DBLP:journals/siamcomp/BlumM84,
  author       = {Manuel Blum and Silvio Micali},
  title	       = {How to Generate Cryptographically Strong Sequences
                  of Pseudo-Random Bits},
  journal      = {SIAM J. Comput.},
  volume       = 13,
  number       = 4,
  year	       = 1984,
  pages	       = {850-864},
  note	       = {Preliminary version in FOCS 1982},
  prelimyear   = 1982
}

@Article{DBLP:journals/jcss/GoldwasserM84,
  author       = {Shafi Goldwasser and Silvio Micali},
  title	       = {Probabilistic Encryption},
  journal      = {J. Comput. Syst. Sci.},
  volume       = 28,
  number       = 2,
  year	       = 1984,
  pages	       = {270-299},
  note	       = {Preliminary version in STOC 1982},
  prelimyear   = 1982
}

@InProceedings{DBLP:conf/focs/Yao82a,
  author       = {Andrew Chi-Chih Yao},
  title	       = {Theory and Applications of Trapdoor Functions
                  (Extended Abstract)},
  booktitle    = {FOCS},
  year	       = 1982,
  pages	       = {80-91}
}

@Article{DBLP:journals/siamcomp/SchroeppelS81,
  author       = {Richard Schroeppel and Adi Shamir},
  title        = {A T=O(2\({}^{\mbox{n/2}}\)),
                  S=O(2\({}^{\mbox{n/4}}\)) Algorithm for Certain
                  {NP}-Complete Problems},
  journal      = {{SIAM} J. Comput.},
  year         = 1981,
  volume       = 10,
  number       = 3,
  pages        = {456-464},
  note         = {Preliminary version in FOCS 1979},
  prelimyear   = 1979
}

@Article{DBLP:journals/cacm/Shamir79,
  author       = {Adi Shamir},
  title	       = {How to Share a Secret},
  journal      = {Commun. ACM},
  volume       = 22,
  number       = 11,
  year	       = 1979,
  pages	       = {612-613}
}

@TechReport{mceliece78,
  author       = {Robert J. McEliece},
  title	       = {A public-key cryptosystem based on algebraic coding
                  theory},
  institution  = {Jet Propulsion Laboratory},
  year	       = 1978,
  type	       = {DSN Progress Report},
  number       = {42-44},
  pages	       = {114-116}
}

@Article{DBLP:journals/cacm/RivestSA78,
  author       = {Ronald L. Rivest and Adi Shamir and Leonard
                  M. Adleman},
  title	       = {A Method for Obtaining Digital Signatures and
                  Public-Key Cryptosystems},
  journal      = {Commun. ACM},
  volume       = 21,
  number       = 2,
  year	       = 1978,
  pages	       = {120-126}
}

@Article{diffie76:_new_direc_in_crypt,
  author       = {Whitfield Diffie and Martin E. Hellman},
  title	       = {New Directions in Cryptography},
  journal      = {IEEE Transactions on Information Theory},
  volume       = {IT-22},
  number       = 6,
  pages	       = {644-654},
  date	       = {November 1976},
  year	       = 1976,
}

@TechReport{rabin79:_digit_signat_and_public_key,
  author       = {Michael O. Rabin},
  title	       = {Digitalized signatures and public-key functions as
                  intractable as factorization},
  institution  = {MIT Laboratory for Computer Science},
  year	       = 1979,
  number       = {MIT/LCS/TR-212}
}

@Article{rivest78:_privacy_homom,
  author       = {Ronald L. Rivest and Len Adleman and Michael
                  L. Dertouzos},
  title	       = {On Data Banks and Privacy Homomorphisms},
  journal      = {Foundations of secure computation},
  year	       = 1978,
  volume       = 4,
  number       = 11,
  pages	       = {169-180}
}

% deniable things

@Misc{RubberHose,
  title	       = {The rubberhose encryption system.},
  note	       = {Internet website; accessed 9 February 2010.
                  \url{http://iq.org/~proff/marutukku.org/}}
}

@Misc{TrueCrypt,
  title	       = {TrueCrypt: Free open-source on-the-fly encryption.},
  note	       = {Internet website; accessed 9 Feburary
                  2010. \url{http://www.truecrypt.org}}
}

@Misc{wiki:deniable,
  author       = {Wikipedia},
  title	       = {Deniable encryption --- {Wikipedia,} The Free
                  Encyclopedia},
  year	       = 2010,
  note	       = {Internet website; accessed 9 February 2010.
                  \url{http://en.wikipedia.org/wiki/Deniable_encryption}}
}

@Article{chvatal-tail,
  author       = {V. Chv{\'a}tal},
  title	       = {The tail of the hypergeometric distribution},
  journal      = {Discrete Math.},
  volume       = 25,
  year	       = 1979,
  pages	       = {285-287}
}

@Manual{sage,
  title	       = {{S}age {M}athematics {S}oftware ({V}ersion 4.2.1)},
  key	       = {Sage},
  author       = {W.\thinspace{}A. Stein and others},
  organization = {The Sage Development Team},
  note	       = {\url{http://www.sagemath.org}},
  year	       = 2009
}

@Misc{shoup-ntl,
  author       = {Victor Shoup},
  title	       = {Number Theory Library 5.5.2 ({NTL}) for {C}++},
  note	       = {\url{http://www.shoup.net/ntl/}}
}

@Misc{rfc2401,
  author       = {S. Kent and R. Atkinson},
  title	       = {{Security Architecture for the Internet Protocol}},
  howpublished = {RFC 2401 (Proposed Standard)},
  month	       = Nov,
  year	       = 1998,
  note	       = {Obsoleted by RFC 4301, updated by RFC 3168},
  series       = {Request for Comments},
  number       = 2401,
  publisher    = {IETF},
  organization = {Internet Engineering Task Force},
  url	       = {http://www.ietf.org/rfc/rfc2401.txt}
}

@Misc{rfc2409,
  author       = {D. Harkins and D. Carrel},
  title	       = {{The Internet Key Exchange (IKE)}},
  howpublished = {RFC 2409 (Proposed Standard)},
  month	       = Nov,
  year	       = 1998,
  note	       = {Obsoleted by RFC 4306, updated by RFC 4109},
  series       = {Request for Comments},
  number       = 2409,
  publisher    = {IETF},
  organization = {Internet Engineering Task Force},
  url	       = {http://www.ietf.org/rfc/rfc2409.txt}
}

@Misc{rfc2411,
  author       = {R. Thayer and N. Doraswamy and R. Glenn},
  title	       = {{IP Security Document Roadmap}},
  howpublished = {RFC 2411 (Informational)},
  month	       = Nov,
  year	       = 1998,
  note	       = {Obsoleted by RFC 6071},
  series       = {Request for Comments},
  number       = 2411,
  publisher    = {IETF},
  organization = {Internet Engineering Task Force},
  url	       = {http://www.ietf.org/rfc/rfc2411.txt}
}

@Misc{rfc2522,
  author       = {P. Karn and W. Simpson},
  title	       = {{Photuris: Session-Key Management Protocol}},
  howpublished = {RFC 2522 (Experimental)},
  month	       = Mar,
  year	       = 1999,
  series       = {Request for Comments},
  number       = 2522,
  publisher    = {IETF},
  organization = {Internet Engineering Task Force},
  url	       = {http://www.ietf.org/rfc/rfc2522.txt}
}

@Misc{rfc3560,
  author       = {R. Housley},
  title	       = {{Use of the RSAES-OAEP Key Transport Algorithm in
                  Cryptographic Message Syntax (CMS)}},
  howpublished = {RFC 3560 (Proposed Standard)},
  month	       = Jul,
  year	       = 2003,
  series       = {Request for Comments},
  number       = 3560,
  publisher    = {IETF},
  organization = {Internet Engineering Task Force},
  url	       = {http://www.ietf.org/rfc/rfc3560.txt}
}

@Misc{rfc4301,
  author       = {S. Kent and K. Seo},
  title	       = {{Security Architecture for the Internet Protocol}},
  howpublished = {RFC 4301 (Proposed Standard)},
  month	       = Dec,
  year	       = 2005,
  note	       = {Updated by RFC 6040},
  series       = {Request for Comments},
  number       = 4301,
  publisher    = {IETF},
  organization = {Internet Engineering Task Force},
  url	       = {http://www.ietf.org/rfc/rfc4301.txt}
}

@Misc{rfc4306,
  author       = {C. Kaufman},
  title	       = {{Internet Key Exchange (IKEv2) Protocol}},
  howpublished = {RFC 4306 (Proposed Standard)},
  month	       = Dec,
  year	       = 2005,
  note	       = {Obsoleted by RFC 5996, updated by RFC 5282},
  series       = {Request for Comments},
  number       = 4306,
  publisher    = {IETF},
  organization = {Internet Engineering Task Force},
  url	       = {http://www.ietf.org/rfc/rfc4306.txt}
}

@Misc{rfc5990,
  author       = {J. Randall and B. Kaliski and J. Brainard and
                  S. Turner},
  title	       = {{Use of the RSA-KEM Key Transport Algorithm in the
                  Cryptographic Message Syntax (CMS)}},
  howpublished = {RFC 5990 (Proposed Standard)},
  month	       = Sep,
  year	       = 2010,
  series       = {Request for Comments},
  number       = 5990,
  publisher    = {IETF},
  organization = {Internet Engineering Task Force},
  url	       = {http://www.ietf.org/rfc/rfc5990.txt}
}

@Misc{rfc5996,
  author       = {C. Kaufman and P. Hoffman and Y. Nir and P. Eronen},
  title	       = {{Internet Key Exchange Protocol Version 2 (IKEv2)}},
  howpublished = {RFC 5996 (Proposed Standard)},
  month	       = Sep,
  year	       = 2010,
  note	       = {Updated by RFCs 5998, 6989},
  series       = {Request for Comments},
  number       = 5996,
  publisher    = {IETF},
  organization = {Internet Engineering Task Force},
  url	       = {http://www.ietf.org/rfc/rfc5996.txt}
}

@Misc{rfc6071,
  author       = {S. Frankel and S. Krishnan},
  title	       = {{IP Security (IPsec) and Internet Key Exchange (IKE)
                  Document Roadmap}},
  howpublished = {RFC 6071 (Informational)},
  month	       = Feb,
  year	       = 2011,
  series       = {Request for Comments},
  number       = 6071,
  publisher    = {IETF},
  organization = {Internet Engineering Task Force},
  url	       = {http://www.ietf.org/rfc/rfc6071.txt}
}

@Article{hoeffding,
  author       = {W. Hoeffding},
  title        = {Probability inequalities for sums of bounded random
                  variables},
  journal      = {Journal of the American Statistical Association},
  year         = 1963,
  volume       = 58,
  pages        = {13-30}
}
	
