@Article{DBLP:journals/scp/KameyamaKS15,
  author       = {Yukiyoshi Kameyama and Oleg Kiselyov and
                  Chung{-}chieh Shan},
  title        = {Combinators for impure yet hygienic code generation},
  journal      = {Sci. Comput. Program.},
  year         = 2015,
  volume       = 112,
  pages        = {120-144},
  prelimnote   = {Preliminary version in PEPM 2014},
  prelimyear   = 2014
}

@InProceedings{DBLP:conf/haskell/EisenbergW12,
  author       = {Richard A. Eisenberg and Stephanie Weirich},
  title	       = {Dependently typed programming with singletons},
  booktitle    = {Haskell 2012},
  year	       = 2012,
  pages	       = {117-130}
}

@InProceedings{DBLP:conf/haskell/EisenbergS14,
  author       = {Richard A. Eisenberg and Jan Stolarek},
  title	       = {Promoting functions to type families in {Haskell}},
  booktitle    = {Haskell 2014},
  year	       = 2014,
  pages	       = {95-106}
}

@InProceedings{DBLP:conf/tldi/YorgeyWCJVM12,
  author       = {Brent A. Yorgey and Stephanie Weirich and Julien
                  Cretin and Simon L. Peyton Jones and Dimitrios
                  Vytiniotis and Jos{\'{e}} Pedro Magalh{\~{a}}es},
  title	       = {Giving {Haskell} a promotion},
  booktitle    = {{TLDI} 2012},
  year	       = 2012,
  pages	       = {53-66}
}

@InProceedings{DBLP:conf/icfp/BreitnerEJW14,
  author       = {Joachim Breitner and Richard A. Eisenberg and Simon
                  L. Peyton Jones and Stephanie Weirich},
  title	       = {Safe zero-cost coercions for {Haskell}},
  booktitle    = {ICFP 2014},
  year	       = 2014,
  pages	       = {189-202}
}

@InProceedings{DBLP:conf/haskell/LippmeierCKJ12,
  author       = {Ben Lippmeier and Manuel M. T. Chakravarty and
                  Gabriele Keller and Simon L. Peyton Jones},
  title	       = {Guiding parallel array fusion with indexed types},
  booktitle    = {Haskell 2012},
  year	       = 2012,
  pages	       = {25-36}
}                  

@InProceedings{DBLP:conf/ssgip/Kiselyov10,
  author       = {Oleg Kiselyov},
  title        = {Typed Tagless Final Interpreters},
  booktitle    = {Generic and Indexed Programming - International
                  Spring School, {SSGIP} 2010},
  year         = 2010,
  pages        = {130-174},
  note         = {\url{http://okmij.org/ftp/tagless-final/}}
}

@InProceedings{DBLP:conf/icfp/KellerCLJL10,
  author       = {Gabriele Keller and Manuel M. T. Chakravarty and
                  Roman Leshchinskiy and Simon L. Peyton Jones and Ben
                  Lippmeier},
  title	       = {Regular, shape-polymorphic, parallel arrays in
                  {Haskell}},
  booktitle    = {ICFP 2010},
  year	       = 2010,
  pages	       = {261-272}
}

@InProceedings{DBLP:conf/popl/ChakravartyKLMG11,
  author       = {Manuel M. T. Chakravarty and Gabriele Keller and
                  Sean Lee and Trevor L. McDonell and Vinod Grover},
  title	       = {Accelerating {Haskell} array codes with multicore
                  {GPUs}},
  booktitle    = {DAMP 2011},
  year	       = 2011,
  pages	       = {3-14}
}

@Misc{thurston15:_numeric_prelude,
  author       = {Dylan Thurston and Henning Thielemann and Mikael
                  Johansson},
  title	       = {Haskell numeric prelude},
  year	       = 2015,
  note	       =
                  {\url{https://hackage.haskell.org/package/numeric-prelude}}
}

@Book{lipovaca11:_learn_you_haskel,
  author       = {Miran Lipova\u{c}a},
  title	       = {Learn You a {Haskell} for Great Good!},
  publisher    = {No Starch Press},
  year	       = 2011,
  note	       = {Available free online at
                  \url{http://learnyouahaskell.com/}}
}

@Misc{stewart08:_haskell_c,
  author       = {Don Stewart},
  title	       = {Haskell as fast as {C}: working at a high altitude
                  for low level performance},
  month	       = {June},
  year	       = 2008,
  note	       =
                  {\url{https://donsbot.wordpress.com/2008/06/04/haskell-as-fast-as-c-working-at-a-high-altitude-for-low-level-performance/}}
}

