@Unpublished{peikert21:_vive_galois,
  author       = {Chris Peikert},
  title        = {Vive {Galois}! Fast Homomorphic Linear Transforms
                  for {FHE} Bootstrapping},
  note         = {Manuscript in preparation},
  year         = 2021
}

@Misc{cryptoeprint:2022:141,
  author       = {Muhammed F. Esgin and Ron Steinfeld and Dongxi Liu
                  and Sushmita Ruj},
  title	       = {Efficient Hybrid Exact/Relaxed Lattice Proofs and
                  Applications to Rounding and {VRFs}},
  howpublished = {Cryptology ePrint Archive, Report 2022/141},
  year	       = 2022,
  note	       = {\url{https://eprint.iacr.org/2022/141}}
}

@Misc{cryptoeprint:2017:633,
  author       = {Leo Ducas and Tancrede Lepoint and Vadim
                  Lyubashevsky and Peter Schwabe and Gregor Seiler and
                  Damien Stehle},
  title        = {{CRYSTALS} -- {Dilithium}: Digital Signatures from
                  Module Lattices},
  howpublished = {Cryptology ePrint Archive, Report 2017/633},
  year         = 2017,
  note         = {\url{http://eprint.iacr.org/2017/633}}
}

@InProceedings{DBLP:conf/tcc/PeikertPS21,
  author       = {Chris Peikert and Zachary Pepin and Chad Sharp},
  title	       = {Vector and Functional Commitments from Lattices},
  booktitle    = {TCC},
  year	       = 2021,
  editor       = {Kobbi Nissim and Brent Waters},
  pages	       = {480-511}
}

@InProceedings{DBLP:conf/crypto/BootleLNS20,
  author       = {Jonathan Bootle and Vadim Lyubashevsky and Ngoc
                  Khanh Nguyen and Gregor Seiler},
  title	       = {A Non-{PCP} Approach to Succinct Quantum-Safe
                  Zero-Knowledge},
  booktitle    = {CRYPTO},
  year	       = 2020,
  pages	       = {441-469}
}

@InProceedings{DBLP:conf/crypto/AttemaLS20,
  author       = {Thomas Attema and Vadim Lyubashevsky and Gregor
                  Seiler},
  title        = {Practical Product Proofs for Lattice Commitments},
  booktitle    = {CRYPTO},
  year         = 2020,
  pages        = {470-499}
}

@InProceedings{DBLP:conf/tcc/PeikertP19,
  author       = {Chris Peikert and Zachary Pepin},
  title        = {Algebraically Structured {LWE}, Revisited},
  booktitle    = {TCC},
  year         = 2019,
  pages        = {1-23}
}

@Article{DBLP:journals/joc/ChillottiGGI20,
  author       = {Ilaria Chillotti and Nicolas Gama and Mariya
                  Georgieva and Malika Izabach{\`{e}}ne},
  title        = {{TFHE:} Fast Fully Homomorphic Encryption Over the
                  Torus},
  journal      = {J. Cryptology},
  year         = 2020,
  volume       = 33,
  number       = 1,
  pages        = {34-91},
  note         = {Preliminary version in ASIACRYPT 2016},
  prelimyear   = 2016
}

@Article{DBLP:journals/dcc/SteinfeldSZ19,
  author       = {Ron Steinfeld and Amin Sakzad and Raymond K. Zhao},
  title        = {Practical {MP-LWE}-based encryption balancing
                  security-risk versus efficiency},
  journal      = {Des. Codes Cryptogr.},
  year         = 2019,
  volume       = 87,
  number       = 12,
  pages        = {2847-2884}
}

@Article{DBLP:journals/dcc/DucasP19,
  author       = {L{\'{e}}o Ducas and C{\'{e}}cile Pierrot},
  title        = {Polynomial time bounded distance decoding near
                  {Minkowski's} bound in discrete logarithm lattices},
  journal      = {Des. Codes Cryptogr.},
  year         = 2019,
  volume       = 87,
  number       = 8,
  pages        = {1737-1748}
}

@InProceedings{DBLP:conf/asiacrypt/BolboceanuBPS19,
  author       = {Madalina Bolboceanu and Zvika Brakerski and Renen
                  Perlman and Devika Sharma},
  title        = {Order-{LWE} and the Hardness of {Ring-LWE} with
                  Entropic Secrets},
  booktitle    = {ASIACRYPT},
  year         = 2019,
  pages        = {91-120},
  note         = {Full version at
                  \url{https://eprint.iacr.org/2018/494}}
}

@InProceedings{DBLP:conf/crypto/BootleLS19,
  author       = {Jonathan Bootle and Vadim Lyubashevsky and Gregor
                  Seiler},
  title        = {Algebraic Techniques for Short(er) Exact
                  Lattice-Based Zero-Knowledge Proofs},
  booktitle    = {CRYPTO},
  year         = 2019,
  pages        = {176-202}
}

@InProceedings{DBLP:conf/crypto/PeikertS19,
  author       = {Chris Peikert and Sina Shiehian},
  title        = {Noninteractive Zero Knowledge for {NP} from (Plain)
                  Learning with Errors},
  booktitle    = {CRYPTO},
  year         = 2019,
  pages        = {89-114}
}

@InProceedings{DBLP:conf/eurocrypt/0030CS19,
  author       = {Hao Chen and Ilaria Chillotti and Yongsoo Song},
  title        = {Improved Bootstrapping for Approximate Homomorphic
                  Encryption},
  booktitle    = {EUROCRYPT},
  year         = 2019,
  pages        = {34-54}
}

@InProceedings{DBLP:conf/ccs/CrockettPS18,
  author       = {Eric Crockett and Chris Peikert and Chad Sharp},
  title        = {{ALCHEMY:} {A} Language and Compiler for Homomorphic
                  Encryption Made eas{Y}},
  booktitle    = {ACM CCS},
  year         = 2018,
  pages        = {1020-1037}
}

@InProceedings{DBLP:conf/soda/AggarwalS18,
  author       = {Divesh Aggarwal and Noah Stephens{-}Davidowitz},
  title	       = {Just Take the Average! An Embarrassingly Simple
                  $2^n$-Time Algorithm for {SVP} (and {CVP)}},
  booktitle    = SOSA,
  year	       = 2018,
  volume       = 61,
  pages	       = {12:1--12:19}
}

@InProceedings{DBLP:conf/crypto/BaumBCPGL18,
  author       = {Carsten Baum and Jonathan Bootle and Andrea Cerulli
                  and Rafa{\"{e}}l del Pino and Jens Groth and Vadim
                  Lyubashevsky},
  title        = {Sub-linear Lattice-Based Zero-Knowledge Arguments
                  for Arithmetic Circuits},
  booktitle    = {CRYPTO},
  year         = 2018,
  pages        = {669-699}
}

@InProceedings{DBLP:conf/pkc/AlamatiPS18,
  author       = {Navid Alamati and Chris Peikert and Noah
                  Stephens{-}Davidowitz},
  title        = {New (and Old) Proof Systems for Lattice Problems},
  booktitle    = {PKC},
  year         = 2018,
  pages        = {619-643}
}

@InProceedings{DBLP:conf/pkc/PeikertS18,
  author       = {Chris Peikert and Sina Shiehian},
  title        = {Privately Constraining and Programming {PRFs}, the
                  {LWE} Way},
  booktitle    = {PKC},
  year         = 2018,
  pages        = {675-701}
}

@InProceedings{DBLP:conf/crypto/HaleviS18,
  author       = {Shai Halevi and Victor Shoup},
  title        = {Faster Homomorphic Linear Transformations in
                  {HElib}},
  booktitle    = {CRYPTO},
  year         = 2018,
  pages        = {93-120}
}

@InProceedings{DBLP:conf/crypto/KimW18,
  author       = {Sam Kim and David J. Wu},
  title        = {Multi-Theorem Preprocessing {NIZKs} from Lattices},
  booktitle    = {CRYPTO},
  year         = 2018,
  pages        = {733-765}
}

@InProceedings{DBLP:conf/eurocrypt/RoscaSW18,
  author       = {Miruna Rosca and Damien Stehl{\'{e}} and Alexandre
                  Wallet},
  title        = {On the {Ring-LWE} and {Polynomial-LWE} Problems},
  booktitle    = {EUROCRYPT},
  year         = 2018,
  pages        = {146-173}
}

@InProceedings{DBLP:conf/eurocrypt/ChenH18,
  author       = {Hao Chen and Kyoohyung Han},
  title        = {Homomorphic Lower Digits Removal and Improved {FHE}
                  Bootstrapping},
  booktitle    = {EUROCRYPT},
  year         = 2018,
  pages        = {315-337}
}

@InProceedings{DBLP:conf/icisc/AritaH17,
  author       = {Seiko Arita and Sari Handa},
  title        = {Subring Homomorphic Encryption},
  booktitle    = {ICISC},
  year         = 2017,
  pages        = {112-136}
}

@InProceedings{DBLP:conf/asiacrypt/CheonKKS17,
  author       = {Jung Hee Cheon and Andrey Kim and Miran Kim and Yong
                  Soo Song},
  title        = {Homomorphic Encryption for Arithmetic of Approximate
                  Numbers},
  booktitle    = {ASIACRYPT},
  year         = 2017,
  pages        = {409-437}
}

@InProceedings{DBLP:conf/asiacrypt/AlbrechtD17,
  author       = {Martin R. Albrecht and Amit Deo},
  title        = {Large Modulus {Ring-LWE} {\(\geq\)} {Module-LWE}},
  booktitle    = {ASIACRYPT},
  year         = 2017,
  pages        = {267-296}
}

@InProceedings{DBLP:conf/focs/BennettGS17,
  author       = {Huck Bennett and Alexander Golovnev and Noah
                  Stephens{-}Davidowitz},
  title        = {On the Quantitative Hardness of {CVP}},
  booktitle    = {FOCS},
  year         = 2017,
  pages        = {13-24}
}

@InProceedings{DBLP:conf/crypto/RoscaSSS17,
  author       = {Miruna Rosca and Amin Sakzad and Damien Stehl{\'{e}}
                  and Ron Steinfeld},
  title        = {Middle-Product Learning with Errors},
  booktitle    = {CRYPTO},
  year         = 2017,
  pages        = {283-297}
}

@InProceedings{DBLP:conf/stoc/RegevS17,
  author       = {Oded Regev and Noah Stephens{-}Davidowitz},
  title        = {A reverse {Minkowski} theorem},
  booktitle    = {STOC},
  year         = 2017,
  pages        = {941-953}
}

@Misc{regev_personal16,
  author       = {Oded Regev},
  howpublished = {Personal communication},
  month        = {3 August},
  year         = 2016
}

@Misc{bernstein15:_ntru-sg-pip,
  author       = {Daniel J. Bernstein},
  title        = {Outline of a potential attack on {NTRU} via short
                  generators of principal ideals},
  month        = {February},
  year         = 2015,
  note         =
                  {\url{https://groups.google.com/forum/#!msg/cryptanalytic-algorithms/GdVfp5Kbdb8/A1fwcggpJ_8J}}
}

@Misc{cryptoeprint:2016:782,
  author       = {Eric Crockett and Chris Peikert},
  title        = {Challenges for {Ring-LWE}},
  howpublished = {Cryptology ePrint Archive, Report 2016/782},
  year         = 2016,
  note         = {\url{http://eprint.iacr.org/2016/782} and
                  \url{https://web.eecs.umich.edu/~cpeikert/rlwe-challenges}}
}

@Misc{cryptoeprint:2016:1026,
  author       = {Paulo S. L. M. Barreto and Patrick Longa and Michael
                  Naehrig and Jefferson E. Ricardini and Gustavo
                  Zanon},
  title        = {Sharper {Ring-LWE} Signatures},
  howpublished = {Cryptology ePrint Archive, Report 2016/1026},
  year         = 2016,
  note         = {\url{http://eprint.iacr.org/2016/1026}}
}

@Misc{cryptoeprint:2016:461,
  author       = {Daniel J. Bernstein and Chitchanok Chuengsatiansup
                  and Tanja Lange and Christine van Vredendaal},
  title        = {{NTRU} Prime},
  howpublished = {Cryptology ePrint Archive, Report 2016/461},
  year         = 2016,
  note         = {\url{http://eprint.iacr.org/2016/461}}
}

@Misc{cryptoeprint:2016:589,
  author       = {Jacob {Alperin-Sheriff} and Daniel Apon},
  title        = {Dimension-Preserving Reductions from {LWE} to {LWR}},
  howpublished = {Cryptology ePrint Archive, Report 2016/589},
  year         = 2016,
  note         = {\url{http://eprint.iacr.org/2016/589}}
}

@Misc{cryptoeprint:2015:1014,
  author       = {L{\'e}o Ducas and Thomas Prest},
  title	       = {Fast Fourier Orthogonalization},
  howpublished = {Cryptology ePrint Archive, Report 2015/1014},
  year	       = 2015,
  note	       = {\url{http://eprint.iacr.org/}}
}

@Misc{cryptoeprint:2015:755:new,
  author       = {Erdem Alkim and Nina Bindel and Johannes Buchmann
                  and {\"{O}}zg{\"{u}}r Dagdelen and Edward Eaton and
                  Gus Gutoski and Juliane Kr{\"{a}}mer and Filip
                  Pawlega},
  title        = {Revisiting {TESLA} in the quantum random oracle model},
  howpublished = {Cryptology ePrint Archive, Report 2015/755},
  year         = 2015,
  note         = {\url{http://eprint.iacr.org/2015/755}}
}

@Misc{cryptoeprint:2015:755,
  author       = {Erdem Alkim and Nina Bindel and Johannes Buchmann
                  and {\"{O}}zg{\"{u}}r Dagdelen and Peter Schwabe},
  title        = {{TESLA}: Tightly-Secure Efficient Signatures from
                  Standard Lattices},
  howpublished = {Cryptology ePrint Archive, Report 2015/755},
  year         = 2015,
  note         = {\url{http://eprint.iacr.org/2015/755}}
}

@Misc{cryptoeprint:2015:1222,
  author       = {Gottfried Herold and Elena Kirshanova and Alexander
                  May},
  title        = {On the Asymptotic Complexity of Solving {LWE}},
  howpublished = {Cryptology ePrint Archive, Report 2015/1222},
  year         = 2015,
  note         = {\url{http://eprint.iacr.org/2015/1222}}
}

@Misc{cryptoeprint:2016:193,
  author       = {Hao Chen and Kristin Lauter and Katherine E. Stange},
  title	       = {Vulnerable {Galois} {RLWE} Families and Improved
                  Attacks},
  howpublished = {Cryptology ePrint Archive, Report 2016/193},
  year	       = 2016,
  note	       = {\url{http://eprint.iacr.org/}}
}

@Misc{cryptoeprint:2015:971,
  author       = {Hao Chen and Kristin Lauter and Katherine E. Stange},
  title	       = {Attacks on Search {RLWE}},
  howpublished = {Cryptology ePrint Archive, Report 2015/971},
  year	       = 2015,
  note	       = {\url{http://eprint.iacr.org/}}
}

@Misc{cryptoeprint:2015:301,
  author       = {Yupu Hu and Huiwen Jia},
  title	       = {Cryptanalysis of {GGH} Map},
  howpublished = {Cryptology ePrint Archive, Report 2015/301},
  year	       = 2015,
  note	       = {\url{http://eprint.iacr.org/}}
}

@Misc{cryptoeprint:2015:461,
  author       = {Jung Hee Cheon and Changmin Lee},
  title	       = {Cryptanalysis of the multilinear map on the ideal
                  lattices},
  howpublished = {Cryptology ePrint Archive, Report 2015/461},
  year	       = 2015,
  note	       = {\url{http://eprint.iacr.org/}}
}

@Misc{cryptoeprint:2015:660,
  author       = {L{\'{e}}o Ducas and Thomas Prest},
  title	       = {A Hybrid {Gaussian} Sampler for Lattices over Rings},
  howpublished = {Cryptology ePrint Archive, Report 2015/660},
  year	       = 2015,
  note	       = {\url{http://eprint.iacr.org/}}
}

@Misc{cryptoeprint:2014:1018,
  author       = {Martin R. Albrecht and Carlos Cid and Jean-Charles
                  Faug{\`e}re and Ludovic Perret},
  title        = {Algebraic Algorithms for {LWE}},
  howpublished = {Cryptology ePrint Archive, Report 2014/1018},
  year         = 2014,
  note         = {\url{http://eprint.iacr.org/2014/1018}}
}

@Article{DBLP:journals/cc/GrigorescuP17,
  author       = {Elena Grigorescu and Chris Peikert},
  title        = {List-Decoding {Barnes-Wall} Lattices},
  journal      = {Comput. Complex.},
  year         = 2017,
  volume       = 26,
  number       = 2,
  pages        = {365-392},
  note         = {Preliminary version in CCC 2012},
  prelimyear   = 2012
}

@InProceedings{DBLP:conf/tcc/BrakerskiTVW17,
  author       = {Zvika Brakerski and Rotem Tsabary and Vinod
                  Vaikuntanathan and Hoeteck Wee},
  title        = {Private Constrained {PRFs} (and more) from {LWE}},
  booktitle    = {TCC},
  year         = 2017,
  pages        = {264-302}
}

@InProceedings{DBLP:conf/crypto/KimW17,
  author       = {Sam Kim and David J. Wu},
  title        = {Watermarking Cryptographic Functionalities from
                  Standard Lattice Assumptions},
  booktitle    = {CRYPTO},
  year         = 2017,
  pages        = {503-536}
}

@InProceedings{DBLP:conf/stoc/PeikertRS17,
  author       = {Chris Peikert and Oded Regev and Noah
                  Stephens{-}Davidowitz},
  title        = {Pseudorandomness of {Ring-LWE} for any ring and
                  modulus},
  booktitle    = {STOC},
  year         = 2017,
  pages        = {461-473}
}

@InProceedings{DBLP:conf/eurocrypt/CanettiC17,
  author       = {Ran Canetti and Yilei Chen},
  title        = {Constraint-Hiding Constrained {PRFs} for {$NC^1$}
                  from {LWE}},
  booktitle    = {EUROCRYPT},
  year         = 2017,
  pages        = {446-476}
}

@InProceedings{DBLP:conf/eurocrypt/BonehKM17,
  author       = {Dan Boneh and Sam Kim and Hart William Montgomery},
  title        = {Private Puncturable {PRFs} from Standard Lattice
                  Assumptions},
  booktitle    = {EUROCRYPT},
  year         = 2017,
  pages        = {415-445}
}

@InProceedings{DBLP:conf/eurocrypt/CramerDW17,
  author       = {Ronald Cramer and L{\'{e}}o Ducas and Benjamin
                  Wesolowski},
  title        = {Short {Stickelberger} Class Relations and
                  Application to {Ideal-SVP}},
  booktitle    = {EUROCRYPT},
  year         = 2017,
  pages        = {324-348}
}

@InProceedings{DBLP:conf/eurocrypt/KirchnerF17,
  author       = {Paul Kirchner and Pierre{-}Alain Fouque},
  title        = {Revisiting Lattice Attacks on Overstretched {NTRU}
                  Parameters},
  booktitle    = {EUROCRYPT},
  year         = 2017,
  pages        = {3-26}
}

@InProceedings{DBLP:conf/pkc/BonehLW17,
  author       = {Dan Boneh and Kevin Lewi and David J. Wu},
  title        = {Constraining Pseudorandom Functions Privately},
  booktitle    = {PKC},
  year         = 2017,
  pages        = {494-524}
}

@Article{DBLP:journals/joc/AbdallaFLT16,
  author       = {Michel Abdalla and Pierre{-}Alain Fouque and Vadim
                  Lyubashevsky and Mehdi Tibouchi},
  title        = {Tightly Secure Signatures From Lossy Identification
                  Schemes},
  journal      = {J. Cryptology},
  year         = 2016,
  volume       = 29,
  number       = 3,
  pages        = {597-631},
  note         = {Preliminary version in EUROCRYPT 2012},
  prelimyear   = 2012
}

@InProceedings{DBLP:conf/asiacrypt/Lyubashevsky16,
  author       = {Vadim Lyubashevsky},
  title        = {Digital Signatures Based on the Hardness of Ideal
                  Lattice Problems in All Rings},
  booktitle    = {ASIACRYPT},
  year         = 2016,
  pages        = {196-214}
}

@InProceedings{DBLP:conf/ccs/BosCDMNNRS16,
  author       = {Joppe W. Bos and Craig Costello and L{\'{e}}o Ducas
                  and Ilya Mironov and Michael Naehrig and Valeria
                  Nikolaenko and Ananth Raghunathan and Douglas
                  Stebila},
  title        = {Frodo: Take off the Ring! Practical, Quantum-Secure
                  Key Exchange from {LWE}},
  booktitle    = {CCS},
  year         = 2016,
  pages        = {1006-1018}
}

@InProceedings{DBLP:conf/focs/DadushR16,
  author       = {Daniel Dadush and Oded Regev},
  title        = {Towards Strong Reverse {Minkowski}-Type Inequalities
                  for Lattices},
  booktitle    = {FOCS},
  year         = 2016,
  pages        = {447-456}
}

@InProceedings{DBLP:conf/africacrypt/AkleylekBBKM16,
  author       = {Sedat Akleylek and Nina Bindel and Johannes
                  A. Buchmann and Juliane Kr{\"{a}}mer and Giorgia
                  Azzurra Marson},
  title        = {An Efficient Lattice-Based Signature Scheme with
                  Provably Secure Instantiation},
  booktitle    = {AFRICACRYPT},
  year         = 2016,
  pages        = {44-60}
}

@Article{DBLP:journals/fttcs/Peikert16,
  author       = {Chris Peikert},
  title        = {A Decade of Lattice Cryptography},
  journal      = {Foundations and Trends in Theoretical Computer
                  Science},
  year         = 2016,
  volume       = 10,
  number       = 4,
  pages        = {283-424}
}

@InProceedings{DBLP:conf/ccs/CrockettP16,
  author       = {Eric Crockett and Chris Peikert},
  title        = {{$\Lambda \circ \lambda$}: Functional Lattice
                  Cryptography},
  booktitle    = {ACM CCS},
  year         = 2016,
  pages        = {993-1005},
  note         = {Full version at
                  \url{http://eprint.iacr.org/2015/1134}}
}

@InProceedings{DBLP:conf/scn/Peikert16,
  author       = {Chris Peikert},
  title        = {How (Not) to Instantiate {Ring-LWE}},
  booktitle    = {SCN},
  year         = 2016,
  pages        = {411-430}
}

@InProceedings{DBLP:conf/scn/CohenP16,
  author       = {Ran Cohen and Chris Peikert},
  title        = {On Adaptively Secure Multiparty Computation with a
                  Short {CRS}},
  booktitle    = {SCN},
  year         = 2016,
  pages        = {129-146}
}

@InProceedings{DBLP:conf/crypto/AlbrechtBD16,
  author       = {Martin Albrecht and Shi Bai and L{\'{e}}o Ducas},
  title        = {A Subfield Lattice Attack on Overstretched {NTRU}
                  Assumptions - Cryptanalysis of Some {FHE} and Graded
                  Encoding Schemes},
  booktitle    = {CRYPTO},
  year         = 2016,
  pages        = {153-178}
}

@InProceedings{DBLP:conf/crypto/AlamatiP16,
  author       = {Navid Alamati and Chris Peikert},
  title        = {Three's Compromised Too: Circular Insecurity for Any
                  Cycle Length from ({Ring}-){LWE}},
  booktitle    = {CRYPTO},
  year         = 2016,
  pages        = {659-680}
}

@InProceedings{DBLP:conf/crypto/KoppulaW16,
  author       = {Venkata Koppula and Brent Waters},
  title        = {Circular Security Separations for Arbitrary Length
                  Cycles from {LWE}},
  booktitle    = {CRYPTO},
  year         = 2016,
  pages        = {681-700}
}

@InProceedings{DBLP:conf/crypto/BrakerskiP16,
  author       = {Zvika Brakerski and Renen Perlman},
  title        = {Lattice-Based Fully Dynamic Multi-key {FHE} with
                  Short Ciphertexts},
  booktitle    = {CRYPTO},
  year         = 2016,
  pages        = {190-213}
}

@InProceedings{DBLP:conf/ccs/BuchmannBG0KMSV16,
  author       = {Johannes A. Buchmann and Niklas B{\"{u}}scher and
                  Florian G{\"{o}}pfert and Stefan Katzenbeisser and
                  Juliane Kr{\"{a}}mer and Daniele Micciancio and
                  Sander Siim and Christine van Vredendaal and Michael
                  Walter},
  title        = {Creating Cryptographic Challenges Using Multi-Party
                  Computation: The {LWE} Challenge},
  booktitle    = {AsiaPKC},
  year         = 2016,
  pages        = {11-20}
}

@InProceedings{DBLP:conf/uss/AlkimDPS16,
  author       = {Erdem Alkim and L{\'e}o Ducas and Thomas
                  P{\"o}ppelmann and Peter Schwabe},
  title        = {Post-quantum Key Exchange - A New Hope},
  booktitle    = {USENIX Security Symposium},
  year         = 2016,
  pages        = {??-??}
}

@InProceedings{DBLP:conf/stoc/CohenHNVW16,
  author       = {Aloni Cohen and Justin Holmgren and Ryo Nishimaki
                  and Vinod Vaikuntanathan and Daniel Wichs},
  title        = {Watermarking cryptographic capabilities},
  booktitle    = {STOC},
  year         = 2016,
  pages        = {1115-1127}
}

@InProceedings{DBLP:conf/eurocrypt/CramerDPR16,
  author       = {Ronald Cramer and L{\'e}o Ducas and Chris Peikert
                  and Oded Regev},
  title        = {Recovering Short Generators of Principal Ideals in
                  Cyclotomic Rings},
  booktitle    = {EUROCRYPT},
  year         = 2016,
  pages        = {559-585}
}

@InProceedings{DBLP:conf/eurocrypt/MicciancioW16,
  author       = {Daniele Micciancio and Michael Walter},
  title        = {Practical, Predictable Lattice Basis Reduction},
  booktitle    = {EUROCRYPT},
  year         = 2016,
  pages        = {820-849}
}

@InProceedings{DBLP:conf/eurocrypt/MukherjeeW16,
  author       = {Pratyay Mukherjee and Daniel Wichs},
  title        = {Two Round Multiparty Computation via Multi-key
                  {FHE}},
  booktitle    = {EUROCRYPT},
  year         = 2016,
  pages        = {735-763}
}

@InProceedings{DBLP:conf/eurocrypt/Yamada16,
  author       = {Shota Yamada},
  title        = {Adaptively Secure Identity-Based Encryption from
                  Lattices with Asymptotically Shorter Public
                  Parameters},
  booktitle    = {EUROCRYPT},
  year         = 2016,
  pages        = {32-62}
}

@InProceedings{DBLP:conf/eurocrypt/CastryckIV16,
  author       = {Wouter Castryck and Ilia Iliashenko and Frederik
                  Vercauteren},
  title        = {Provably Weak Instances of {Ring-LWE} Revisited},
  booktitle    = {EUROCRYPT},
  year         = 2016,
  pages        = {147-167}
}

@InProceedings{DBLP:conf/tcc/BogdanovGMRR16,
  author       = {Andrej Bogdanov and Siyao Guo and Daniel Masny and
                  Silas Richelson and Alon Rosen},
  title	       = {On the Hardness of Learning with Rounding over Small
                  Modulus},
  booktitle    = {TCC},
  year	       = 2016,
  pages	       = {209-224}
}

@InProceedings{DBLP:conf/ctrsa/MelchorBGGKL16,
  author       = {Carlos Aguilar Melchor and Joris Barrier and Serge
                  Guelton and Adrien Guinet and Marc{-}Olivier
                  Killijian and Tancr{\`{e}}de Lepoint},
  title        = {{NFLlib}: {NTT}-Based Fast Lattice Library},
  booktitle    = {CT-RSA},
  year         = 2016,
  pages        = {341-356}
}

@InProceedings{DBLP:conf/soda/BiasseS16,
  author       = {Jean{-}Fran{\c{c}}ois Biasse and Fang Song},
  title        = {Efficient quantum algorithms for computing class
                  groups and solving the principal ideal problem in
                  arbitrary degree number fields},
  booktitle    = {SODA},
  year         = 2016,
  pages        = {893-902}
}

@Misc{sutherland15:_ant,
  author       = {Andrew Sutherland},
  title        = {Lecture notes for 18.785: Number {Theory} {I}},
  year         = 2015,
  note         = {\url{http://math.mit.edu/classes/18.785/2015fa/}}
}

@Article{DBLP:journals/jmc/AlbrechtPS15,
  author       = {Martin R. Albrecht and Rachel Player and Sam Scott},
  title        = {On the concrete hardness of Learning with Errors},
  journal      = {J. Mathematical Cryptology},
  year         = 2015,
  volume       = 9,
  number       = 3,
  pages        = {169-203}
}

@Article{DBLP:journals/dcc/AlbrechtCFFP15,
  author       = {Martin R. Albrecht and Carlos Cid and Jean{-}Charles
                  Faug{\`{e}}re and Robert Fitzpatrick and Ludovic
                  Perret},
  title        = {On the complexity of the {BKW} algorithm on {LWE}},
  journal      = {Designs, Codes and Cryptography},
  year         = 2015,
  volume       = 74,
  number       = 2,
  pages        = {325-354}
}

@InProceedings{DBLP:conf/asiacrypt/GorbunovV15,
  author       = {Sergey Gorbunov and Dhinakaran Vinayagamurthy},
  title        = {Riding on Asymmetry: Efficient {ABE} for Branching
                  Programs},
  booktitle    = {ASIACRYPT},
  year         = 2015,
  pages        = {550-574}
}

@InProceedings{DBLP:conf/focs/AggarwalDS15,
  author       = {Divesh Aggarwal and Daniel Dadush and Noah
                  Stephens{-}Davidowitz},
  title        = {Solving the Closest Vector Problem in $2^n$ Time -
                  The Discrete {Gaussian} Strikes Again!},
  booktitle    = {FOCS},
  year         = 2015,
  pages        = {563-582}
}

@InProceedings{DBLP:conf/crypto/Laarhoven15,
  author       = {Thijs Laarhoven},
  title        = {Sieving for Shortest Vectors in Lattices Using
                  Angular Locality-Sensitive Hashing},
  booktitle    = {CRYPTO},
  year         = 2015,
  pages        = {3-22}
}

@InProceedings{DBLP:conf/crypto/ClearM15,
  author       = {Michael Clear and Ciaran McGoldrick},
  title	       = {Multi-identity and Multi-key Leveled {FHE} from
                  Learning with Errors},
  booktitle    = {CRYPTO},
  year	       = 2015,
  pages	       = {630-656}
}

@Article{DBLP:journals/dcc/LaarhovenMP15,
  author       = {Thijs Laarhoven and Michele Mosca and Joop van de
                  Pol},
  title        = {Finding shortest lattice vectors faster using
                  quantum search},
  journal      = {Designs, Codes and Cryptography},
  year         = 2015,
  volume       = 77,
  number       = {2-3},
  pages        = {375-400},
  note         = {Preliminary version in PQCrypto 2013},
  prelimyear   = 2013
}

@Article{DBLP:journals/dcc/LangloisS15,
  author       = {Adeline Langlois and Damien Stehl{\'{e}}},
  title	       = {Worst-case to average-case reductions for module
                  lattices},
  journal      = {Designs, Codes and Cryptography},
  year	       = 2015,
  volume       = 75,
  number       = 3,
  pages	       = {565-599}
}

@InProceedings{DBLP:conf/sp/BosCNS15,
  author       = {Joppe W. Bos and Craig Costello and Michael Naehrig
                  and Douglas Stebila},
  title	       = {Post-Quantum Key Exchange for the {TLS} Protocol
                  from the Ring Learning with Errors Problem},
  booktitle    = {{IEEE} Symposium on Security and Privacy},
  year	       = 2015,
  pages	       = {553-570}
}

@InProceedings{DBLP:conf/crypto/EliasLOS15,
  author       = {Yara Elias and Kristin E. Lauter and Ekin Ozman and
                  Katherine E. Stange},
  title        = {Provably Weak Instances of {Ring-LWE}},
  booktitle    = {CRYPTO},
  year         = 2015,
  pages        = {63-92}
}

@InProceedings{DBLP:conf/crypto/CoronLT15,
  author       = {Jean{-}S{\'{e}}bastien Coron and Tancr{\`{e}}de
                  Lepoint and Mehdi Tibouchi},
  title	       = {New Multilinear Maps Over the Integers},
  booktitle    = {CRYPTO},
  year	       = 2015,
  pages	       = {267-286}
}

@InProceedings{DBLP:conf/crypto/CoronGHLMMRST15,
  author       = {Jean{-}S{\'{e}}bastien Coron and Craig Gentry and
                  Shai Halevi and Tancr{\`{e}}de Lepoint and Hemanta
                  K. Maji and Eric Miles and Mariana Raykova and Amit
                  Sahai and Mehdi Tibouchi},
  title	       = {Zeroizing Without Low-Level Zeroes: New {MMAP}
                  Attacks and their Limitations},
  booktitle    = {CRYPTO},
  year	       = 2015,
  pages	       = {247-266}
}

@InProceedings{DBLP:conf/crypto/GorbunovVW15,
  author       = {Sergey Gorbunov and Vinod Vaikuntanathan and Hoeteck
                  Wee},
  title	       = {Predicate Encryption for Circuits from {LWE}},
  booktitle    = {CRYPTO},
  year	       = 2015,
  pages	       = {503-523}
}

@InProceedings{DBLP:conf/pkc/LyubashevskyW15,
  author       = {Vadim Lyubashevsky and Daniel Wichs},
  title	       = {Simple Lattice Trapdoor Sampling from a Broad Class
                  of Distributions},
  booktitle    = {PKC},
  year	       = 2015,
  pages	       = {716-730}
}

@InProceedings{DBLP:conf/eurocrypt/CheonHLRS15,
  author       = {Jung Hee Cheon and Kyoohyung Han and Changmin Lee
                  and Hansol Ryu and Damien Stehl{\'{e}}},
  title	       = {Cryptanalysis of the Multilinear Map over the
                  Integers},
  booktitle    = {EUROCRYPT},
  year	       = 2015,
  pages	       = {3-12}
}

@InProceedings{DBLP:conf/stoc/GorbunovVW15,
  author       = {Sergey Gorbunov and Vinod Vaikuntanathan and Daniel
                  Wichs},
  title	       = {Leveled Fully Homomorphic Signatures from Standard
                  Lattices},
  booktitle    = {STOC},
  year	       = 2015,
  pages	       = {469-477}
}

@InProceedings{DBLP:conf/stoc/AggarwalDRS15,
  author       = {Divesh Aggarwal and Daniel Dadush and Oded Regev and
                  Noah {Stephens-Davidowitz}},
  title        = {Solving the Shortest Vector Problem in $2^n$ Time
                  Using Discrete {Gaussian} Sampling},
  booktitle    = {STOC},
  year         = 2015,
  pages        = {733-742}
}

@InProceedings{DBLP:conf/tcc/BanerjeeFPPS15,
  author       = {Abhishek Banerjee and Georg Fuchsbauer and Chris
                  Peikert and Krzysztof Pietrzak and Sophie Stevens},
  title	       = {Key-Homomorphic Constrained Pseudorandom Functions},
  booktitle    = {TCC},
  year	       = 2015,
  pages	       = {31-60}
}

@InProceedings{DBLP:conf/tcc/BrakerskiV15,
  author       = {Zvika Brakerski and Vinod Vaikuntanathan},
  title	       = {Constrained Key-Homomorphic {PRFs} from Standard
                  Lattice Assumptions - Or: How to Secretly Embed a
                  Circuit in Your {PRF}},
  booktitle    = {TCC},
  year	       = 2015,
  pages	       = {1-30}
}

@InProceedings{DBLP:conf/tcc/GentryGH15,
  author       = {Craig Gentry and Sergey Gorbunov and Shai Halevi},
  title	       = {Graph-Induced Multilinear Maps from Lattices},
  booktitle    = {TCC},
  year	       = 2015,
  pages	       = {498-527}
}

@Misc{cryptoeprint:2012:091,
  author       = {Adeline Langlois and Damien Stehl{\'e}},
  title	       = {Hardness of decision {(R)LWE} for any modulus},
  howpublished = {Cryptology ePrint Archive, Report 2012/091},
  year	       = 2012,
  note	       = {\url{http://eprint.iacr.org/}}
}

@Misc{cryptoeprint:2013:630,
  author       = {Joop van de Pol and Nigel P. Smart},
  title	       = {Estimating Key Sizes For High Dimensional Lattice
                  Based Systems},
  howpublished = {Cryptology ePrint Archive, Report 2013/630},
  year	       = 2013,
  note	       = {\url{http://eprint.iacr.org/}}
}

@Book{odonnell_book,
  author       = {{O'Donnell}, Ryan},
  title        = {Analysis of {B}oolean functions},
  publisher    = {Cambridge University Press, New York},
  year         = 2014,
  isbn         = {978-1-107-03832-5},
  doi          = {10.1017/CBO9781139814782}
}

@Misc{cryptoeprint:2012:688,
  author       = {Jintai Ding and Xiang Xie and Xiaodong Lin},
  title	       = {A Simple Provably Secure Key Exchange Scheme Based
                  on the Learning with Errors Problem},
  howpublished = {Cryptology ePrint Archive, Report 2012/688},
  year	       = 2014,
  note	       = {\url{http://eprint.iacr.org/}}
}

@InProceedings{DBLP:conf/eurocrypt/HaleviS15,
  author       = {Shai Halevi and Victor Shoup},
  title        = {Bootstrapping for {HElib}},
  booktitle    = {EUROCRYPT},
  year         = 2015,
  pages        = {641-670}
}

@InProceedings{DBLP:conf/eurocrypt/DucasM15,
  author       = {L{\'{e}}o Ducas and Daniele Micciancio},
  title	       = {{FHEW}: Bootstrapping Homomorphic Encryption in Less
                  Than a Second},
  booktitle    = {EUROCRYPT},
  year	       = 2015,
  pages	       = {617-640}
}

@InProceedings{DBLP:conf/pkc/Alperin-Sheriff15,
  author       = {Jacob {Alperin-Sheriff}},
  title	       = {Short Signatures with Short Public Keys from
                  Homomorphic Trapdoor Functions},
  booktitle    = {PKC},
  year	       = 2015,
  pages	       = {236-255}
}

@InProceedings{DBLP:conf/sacrypt/EisentragerHL14,
  author       = {Kirsten Eisentr{\"{a}}ger and Sean Hallgren and
                  Kristin E. Lauter},
  title	       = {Weak Instances of {PLWE}},
  booktitle    = {SAC},
  year	       = 2014,
  pages	       = {183-194}
}

@Article{DBLP:journals/toct/BrakerskiGV14,
  author       = {Zvika Brakerski and Craig Gentry and Vinod
                  Vaikuntanathan},
  title	       = {({Leveled}) Fully Homomorphic Encryption without
                  Bootstrapping},
  journal      = {{TOCT}},
  year	       = 2014,
  volume       = 6,
  number       = 3,
  pages	       = 13,
  note	       = {Preliminary version in ITCS 2012},
  prelimyear   = 2012
}

@Article{DBLP:journals/siamcomp/BrakerskiV14,
  author       = {Zvika Brakerski and Vinod Vaikuntanathan},
  title	       = {Efficient Fully Homomorphic Encryption from
                  (Standard) {LWE}},
  journal      = {{SIAM} J. Comput.},
  year	       = 2014,
  volume       = 43,
  number       = 2,
  pages	       = {831-871},
  note	       = {Preliminary version in FOCS 2011},
  prelimyear   = 2011
}

@Misc{soliloquyattack,
  author       = {Peter Campbell and Michael Groves and Dan Shepherd},
  title        = {Soliloquy: a Cautionary Tale},
  howpublished = {ETSI 2nd Quantum-Safe Crypto Workshop},
  year         = 2014,
  note         = {Available at
                  \url{http://docbox.etsi.org/Workshop/2014/201410_CRYPTO/S07_Systems_and_Attacks/S07_Groves_Annex.pdf}}
}

@InProceedings{DBLP:conf/pqcrypto/Peikert14,
  author       = {Chris Peikert},
  title	       = {Lattice Cryptography for the {Internet}},
  booktitle    = {PQCrypto},
  year	       = 2014,
  pages	       = {197--219}
}

@InProceedings{DBLP:conf/crypto/HaleviS14,
  author       = {Shai Halevi and Victor Shoup},
  title        = {Algorithms in {HElib}},
  booktitle    = {CRYPTO},
  year         = 2014,
  pages        = {554-571}
}

@InProceedings{DBLP:conf/crypto/LingPSS14,
  author       = {San Ling and Duong Hieu Phan and Damien Stehl{\'{e}}
                  and Ron Steinfeld},
  title	       = {Hardness of $k$-{LWE} and Applications in Traitor
                  Tracing},
  booktitle    = {CRYPTO},
  year	       = 2014,
  pages	       = {315-334}
}

@InProceedings{DBLP:conf/crypto/Alperin-SheriffP14,
  author       = {Jacob {Alperin-Sheriff} and Chris Peikert},
  title	       = {Faster Bootstrapping with Polynomial Error},
  booktitle    = {CRYPTO},
  year	       = 2014,
  pages	       = {297-314}
}

@InProceedings{DBLP:conf/crypto/DucasM14,
  author       = {L{\'e}o Ducas and Daniele Micciancio},
  title	       = {Improved Short Lattice Signatures in the Standard
                  Model},
  booktitle    = {CRYPTO},
  year	       = 2014,
  pages	       = {335-352}
}

@InProceedings{DBLP:conf/crypto/BanerjeeP14,
  author       = {Abhishek Banerjee and Chris Peikert},
  title	       = {New and Improved Key-Homomorphic Pseudorandom
                  Functions},
  booktitle    = {CRYPTO},
  year	       = 2014,
  pages	       = {353-370}
}

@InProceedings{DBLP:conf/acns/LewiMR14,
  author       = {Kevin Lewi and Hart William Montgomery and Ananth
                  Raghunathan},
  title	       = {Improved Constructions of {PRFs} Secure Against
                  Related-Key Attacks},
  booktitle    = {ACNS},
  year	       = 2014,
  pages	       = {44-61}
}

@InProceedings{DBLP:conf/coco/DadushRS14,
  author       = {Daniel Dadush and Oded Regev and Noah
                  Stephens{-}Davidowitz},
  title        = {On the Closest Vector Problem with a Distance
                  Guarantee},
  booktitle    = {IEEE Conference on Computational Complexity},
  year         = 2014,
  pages        = {98-109}
}

@InProceedings{DBLP:conf/pkc/CoronLT14,
  author       = {Jean{-}S{\'{e}}bastien Coron and Tancr{\`{e}}de
                  Lepoint and Mehdi Tibouchi},
  title	       = {Scale-Invariant Fully Homomorphic Encryption over
                  the Integers},
  booktitle    = {PKC},
  year	       = 2014,
  pages	       = {311-328}
}

@InProceedings{DBLP:conf/eurocrypt/BonehGGHNSVV14,
  author       = {Dan Boneh and Craig Gentry and Sergey Gorbunov and
                  Shai Halevi and Valeria Nikolaenko and Gil Segev and
                  Vinod Vaikuntanathan and Dhinakaran Vinayagamurthy},
  title	       = {Fully Key-Homomorphic Encryption, Arithmetic Circuit
                  {ABE} and Compact Garbled Circuits},
  booktitle    = {EUROCRYPT},
  year	       = 2014,
  pages	       = {533-556}
}

@InProceedings{DBLP:conf/fse/BanerjeeBLPR14,
  author       = {Abhishek Banerjee and Hai Brenner and Ga{\"e}tan
                  Leurent and Chris Peikert and Alon Rosen},
  title	       = {{SPRING}: Fast Pseudorandom Functions from Rounded
                  Ring Products},
  booktitle    = {FSE},
  year	       = 2014,
  pages	       = {38--57}
}

@InProceedings{DBLP:conf/innovations/BrakerskiV14,
  author       = {Zvika Brakerski and Vinod Vaikuntanathan},
  title	       = {Lattice-Based {FHE} as Secure as {PKE}},
  booktitle    = {ITCS},
  year	       = 2014,
  pages	       = {1-12}
}

@InProceedings{DBLP:conf/ctrsa/BaiG14,
  author       = {Shi Bai and Steven D. Galbraith},
  title        = {An Improved Compression Technique for Signatures
                  Based on Learning with Errors},
  booktitle    = {CT-RSA},
  year         = 2014,
  pages        = {28-47}
}

@InProceedings{DBLP:conf/soda/HavivR14,
  author       = {Ishay Haviv and Oded Regev},
  title        = {On the Lattice Isomorphism Problem},
  booktitle    = {SODA},
  year         = 2014,
  pages        = {391-404}
}

@Article{DBLP:journals/dcc/SmartV14,
  author       = {Nigel P. Smart and Frederik Vercauteren},
  title	       = {Fully homomorphic {SIMD} operations},
  journal      = {Designs, Codes and Cryptography},
  year	       = 2014,
  volume       = 71,
  number       = 1,
  pages	       = {57-81},
  note	       = {Preliminary version in ePrint Report 2011/133},
  prelimyear   = 2011
}

@PhdThesis{Chen_thesis,
  author       = {Chen, Yuanmi},
  title        = {Lattice Reduction and Concrete Security of Fully
                  Homomorphic Encryption},
  school       = {Paris Diderot University},
  year         = 2013
}

@InProceedings{DBLP:conf/icisc/AlbrechtFG13,
  author       = {Martin R. Albrecht and Robert Fitzpatrick and
                  Florian G{\"o}pfert},
  title        = {On the Efficacy of Solving {LWE} by Reduction to
                  Unique-{SVP}},
  booktitle    = {ICISC},
  year         = 2013,
  pages        = {293-310}
}

@Article{DBLP:journals/jcs/GentryHPS13,
  author       = {Craig Gentry and Shai Halevi and Chris Peikert and
                  Nigel P. Smart},
  title	       = {Field switching in {BGV}-style homomorphic
                  encryption},
  journal      = {Journal of Computer Security},
  year	       = 2013,
  volume       = 21,
  number       = 5,
  pages	       = {663-684},
  note	       = {Preliminary version in SCN~2012},
  prelimyear   = 2012
}

@InProceedings{DBLP:conf/crypto/CoronLT13,
  author       = {Jean{-}S{\'{e}}bastien Coron and Tancr{\`{e}}de
                  Lepoint and Mehdi Tibouchi},
  title	       = {Practical Multilinear Maps over the Integers},
  booktitle    = {CRYPTO},
  year	       = 2013,
  pages	       = {476-493}
}

@InProceedings{DBLP:conf/crypto/DucasDLL13,
  author       = {L{\'e}o Ducas and Alain Durmus and Tancr{\`e}de
                  Lepoint and Vadim Lyubashevsky},
  title	       = {Lattice Signatures and Bimodal Gaussians},
  booktitle    = {CRYPTO},
  year	       = 2013,
  pages	       = {40-56}
}

@InProceedings{DBLP:conf/crypto/BonehLMR13,
  author       = {Dan Boneh and Kevin Lewi and Hart William Montgomery
                  and Ananth Raghunathan},
  title	       = {Key Homomorphic {PRFs} and Their Applications},
  booktitle    = {CRYPTO},
  year	       = 2013,
  pages	       = {410-428}
}

@InProceedings{DBLP:conf/crypto/MicciancioP13,
  author       = {Daniele Micciancio and Chris Peikert},
  title	       = {Hardness of {SIS} and {LWE} with Small Parameters},
  booktitle    = {CRYPTO},
  year	       = 2013,
  pages	       = {21-39}
}

@InProceedings{DBLP:conf/crypto/Alperin-SheriffP13,
  author       = {Jacob {Alperin-Sheriff} and Chris Peikert},
  title	       = {Practical Bootstrapping in Quasilinear Time},
  booktitle    = {CRYPTO},
  year	       = 2013,
  pages	       = {1-20}
}

@InProceedings{DBLP:conf/crypto/GentrySW13,
  author       = {Craig Gentry and Amit Sahai and Brent Waters},
  title	       = {Homomorphic Encryption from Learning with Errors:
                  Conceptually-Simpler, Asymptotically-Faster,
                  Attribute-Based},
  booktitle    = {CRYPTO},
  year	       = 2013,
  pages	       = {75-92}
}

@InProceedings{DBLP:conf/crypto/AlwenKPW13,
  author       = {Jo{\"e}l Alwen and Stephan Krenn and Krzysztof
                  Pietrzak and Daniel Wichs},
  title	       = {Learning with Rounding, Revisited - New Reduction,
                  Properties and Applications},
  booktitle    = {CRYPTO},
  year	       = 2013,
  pages	       = {57-74}
}

@InProceedings{DBLP:conf/acns/BendlinKP13,
  author       = {Rikke Bendlin and Sara Krehbiel and Chris Peikert},
  title	       = {How to Share a Lattice Trapdoor: Threshold Protocols
                  for Signatures and {(H)IBE}},
  booktitle    = {ACNS},
  year	       = 2013,
  pages	       = {218-236}
}

@InProceedings{DBLP:conf/stoc/GorbunovVW13,
  author       = {Sergey Gorbunov and Vinod Vaikuntanathan and Hoeteck
                  Wee},
  title	       = {Attribute-based encryption for circuits},
  booktitle    = {STOC},
  year	       = 2013,
  pages	       = {545-554}
}

@InProceedings{DBLP:conf/stoc/BrakerskiLPRS13,
  author       = {Zvika Brakerski and Adeline Langlois and Chris
                  Peikert and Oded Regev and Damien Stehl{\'e}},
  title	       = {Classical hardness of learning with errors},
  booktitle    = {STOC},
  year	       = 2013,
  pages	       = {575-584}
}

@InProceedings{DBLP:conf/pkc/LingNSW13,
  author       = {San Ling and Khoa Nguyen and Damien Stehl{\'{e}} and
                  Huaxiong Wang},
  title        = {Improved Zero-Knowledge Proofs of Knowledge for the
                  {ISIS} Problem, and Applications},
  booktitle    = {PKC},
  year         = 2013,
  pages        = {107-124}
}

@Article{DBLP:journals/jacm/LyubashevskyPR13,
  author       = {Vadim Lyubashevsky and Chris Peikert and Oded Regev},
  title	       = {On Ideal Lattices and Learning with Errors Over
                  Rings},
  journal      = {Journal of the ACM},
  volume       = 60,
  number       = 6,
  pages	       = {43:1--43:35},
  articleno    = 43,
  numpages     = 35,
  month	       = {November},
  year	       = 2013,
  note	       = {Preliminary version in Eurocrypt~2010},
  prelimyear   = 2010
}

@InProceedings{DBLP:conf/coco/ChungDLP13,
  author       = {Kai{-}Min Chung and Daniel Dadush and Feng{-}Hao Liu
                  and Chris Peikert},
  title	       = {On the Lattice Smoothing Parameter Problem},
  booktitle    = {IEEE Conference on Computational Complexity},
  year	       = 2013,
  pages	       = {230-241}
}

@InProceedings{DBLP:conf/pkc/Xagawa13,
  author       = {Keita Xagawa},
  title	       = {Improved (Hierarchical) Inner-Product Encryption
                  from Lattices},
  booktitle    = {PKC},
  year	       = 2013,
  pages	       = {235-252}
}

@InProceedings{DBLP:conf/eurocrypt/PapamanthouSTY13,
  author       = {Charalampos Papamanthou and Elaine Shi and Roberto
                  Tamassia and Ke Yi},
  title        = {Streaming Authenticated Data Structures},
  booktitle    = {EUROCRYPT},
  year         = 2013,
  pages        = {353-370}
}

@InProceedings{DBLP:conf/eurocrypt/CheonCKLLTY13,
  author       = {Jung Hee Cheon and Jean-S{\'e}bastien Coron and
                  Jinsu Kim and Moon Sung Lee and Tancr{\`e}de Lepoint
                  and Mehdi Tibouchi and Aaram Yun},
  title	       = {Batch Fully Homomorphic Encryption over the
                  Integers},
  booktitle    = {EUROCRYPT},
  year	       = 2013,
  pages	       = {315-335}
}

@InProceedings{DBLP:conf/eurocrypt/LyubashevskyPR13,
  author       = {Vadim Lyubashevsky and Chris Peikert and Oded Regev},
  title	       = {A Toolkit for Ring-{LWE} Cryptography},
  booktitle    = {EUROCRYPT},
  year	       = 2013,
  pages	       = {35-54}
}

@InProceedings{DBLP:conf/eurocrypt/DottlingM13,
  author       = {Nico D{\"o}ttling and J{\"o}rn {M{\"u}ller-Quade}},
  title	       = {Lossy Codes and a New Variant of the
                  Learning-With-Errors Problem},
  booktitle    = {EUROCRYPT},
  year	       = 2013,
  pages	       = {18-34}
}
                  
@InProceedings{DBLP:conf/eurocrypt/GargGH13,
  author       = {Sanjam Garg and Craig Gentry and Shai Halevi},
  title	       = {Candidate Multilinear Maps from Ideal Lattices},
  booktitle    = {EUROCRYPT},
  year	       = 2013,
  pages	       = {1-17}
}

@InProceedings{DBLP:conf/ctrsa/LiuN13,
  author       = {Mingjie Liu and Phong Q. Nguyen},
  title	       = {Solving {BDD} by Enumeration: An Update},
  booktitle    = {CT-RSA},
  year	       = 2013,
  pages	       = {293-309}
}

@Misc{cryptoeprint:2012:144,
  author       = {Junfeng Fan and Frederik Vercauteren},
  title        = {Somewhat Practical Fully Homomorphic Encryption},
  howpublished = {Cryptology ePrint Archive, Report 2012/144},
  year         = 2012,
  note         = {\url{https://eprint.iacr.org/2012/144}}
}

@Article{DBLP:journals/toc/Micciancio12,
  author       = {Daniele Micciancio},
  title        = {Inapproximability of the {Shortest} {Vector}
                  {Problem}: Toward a Deterministic Reduction},
  journal      = {Theory Comput.},
  year         = 2012,
  volume       = 8,
  number       = 1,
  pages        = {487-512}
}

@InProceedings{DBLP:conf/asiacrypt/DucasN12a,
  author       = {L{\'{e}}o Ducas and Phong Q. Nguyen},
  title	       = {Learning a Zonotope and More: Cryptanalysis of
                  {NTRUSign} Countermeasures},
  booktitle    = {ASIACRYPT},
  year	       = 2012,
  pages	       = {433-450}
}

@InProceedings{DBLP:conf/asiacrypt/DucasN12,
  author       = {L{\'{e}}o Ducas and Phong Q. Nguyen},
  title	       = {Faster {Gaussian} Lattice Sampling Using Lazy
                  Floating-Point Arithmetic},
  booktitle    = {ASIACRYPT},
  year	       = 2012,
  pages	       = {415-432}
}

@Article{DBLP:journals/joc/CashHKP12,
  author       = {David Cash and Dennis Hofheinz and Eike Kiltz and
                  Chris Peikert},
  title	       = {Bonsai Trees, or How to Delegate a Lattice Basis},
  journal      = {J.~Cryptology},
  volume       = 25,
  number       = 4,
  year	       = 2012,
  pages	       = {601-639},
  note	       = {Preliminary version in Eurocrypt 2010},
  prelimyear   = 2010
}

@InProceedings{DBLP:conf/ches/GuneysuLP12,
  author       = {Tim G{\"u}neysu and Vadim Lyubashevsky and Thomas
                  P{\"o}ppelmann},
  title	       = {Practical Lattice-Based Cryptography: A Signature
                  Scheme for Embedded Systems},
  booktitle    = {CHES},
  year	       = 2012,
  pages	       = {530-547}
}
                  
@InProceedings{DBLP:conf/scn/GentryHPS12,
  author       = {Craig Gentry and Shai Halevi and Chris Peikert and
                  Nigel P. Smart},
  title	       = {Ring Switching in {BGV}-Style Homomorphic
                  Encryption},
  booktitle    = {SCN},
  year	       = 2012,
  pages	       = {19-37},
  note	       = {Full version at
                  \url{http://eprint.iacr.org/2012/240}}
}

@InProceedings{DBLP:conf/crypto/GentryHS12,
  author       = {Craig Gentry and Shai Halevi and Nigel P. Smart},
  title        = {Homomorphic Evaluation of the {AES} Circuit},
  booktitle    = {CRYPTO},
  year         = 2012,
  pages        = {850-867},
  note         = {Updated version at
                  \url{https://eprint.iacr.org/2012/099}}
}

@InProceedings{DBLP:conf/crypto/Brakerski12,
  author       = {Zvika Brakerski},
  title	       = {Fully Homomorphic Encryption without Modulus
                  Switching from Classical {GapSVP}},
  booktitle    = {CRYPTO},
  year	       = 2012,
  pages	       = {868-886}
}

@InProceedings{DBLP:conf/stoc/Lopez-AltTV12,
  author       = {Adriana {L{\'o}pez-Alt} and Eran Tromer and Vinod
                  Vaikuntanathan},
  title	       = {On-the-fly multiparty computation on the cloud via
                  multikey fully homomorphic encryption},
  booktitle    = {STOC},
  year	       = 2012,
  pages	       = {1219-1234}
}

@InProceedings{DBLP:conf/coco/GrigorescuP12,
  author       = {Elena Grigorescu and Chris Peikert},
  title	       = {List Decoding {Barnes-Wall} Lattices},
  booktitle    = {IEEE Conference on Computational Complexity},
  year	       = 2012,
  pages	       = {316-325}
}

@InProceedings{DBLP:conf/pkc/GentryHS12,
  author       = {Craig Gentry and Shai Halevi and Nigel P. Smart},
  title	       = {Better Bootstrapping in Fully Homomorphic
                  Encryption},
  booktitle    = {Public Key Cryptography},
  year	       = 2012,
  pages	       = {1-16}
}

@InProceedings{DBLP:conf/pkc/Alperin-SheriffP12,
  author       = {Jacob {Alperin-Sheriff} and Chris Peikert},
  title	       = {Circular and {KDM} Security for Identity-Based
                  Encryption},
  booktitle    = {Public Key Cryptography},
  year	       = 2012,
  pages	       = {334-352}
}

@InProceedings{DBLP:conf/pkc/DucasD12,
  author       = {L{\'e}o Ducas and Alain Durmus},
  title	       = {Ring-{LWE} in Polynomial Rings},
  booktitle    = {Public Key Cryptography},
  year	       = 2012,
  pages	       = {34-51}
}

@InProceedings{DBLP:conf/eurocrypt/CoronNT12,
  author       = {Jean-S{\'e}bastien Coron and David Naccache and
                  Mehdi Tibouchi},
  title	       = {Public Key Compression and Modulus Switching for
                  Fully Homomorphic Encryption over the Integers},
  booktitle    = {EUROCRYPT},
  year	       = 2012,
  pages	       = {446-464}
}

@InProceedings{DBLP:conf/eurocrypt/GentryHS12,
  author       = {Craig Gentry and Shai Halevi and Nigel P. Smart},
  title	       = {Fully Homomorphic Encryption with Polylog Overhead},
  booktitle    = {EUROCRYPT},
  year	       = 2012,
  pages	       = {465-482}
}

@InProceedings{DBLP:conf/eurocrypt/MicciancioP12,
  author       = {Daniele Micciancio and Chris Peikert},
  title	       = {Trapdoors for Lattices: Simpler, Tighter, Faster,
                  Smaller},
  booktitle    = {EUROCRYPT},
  year	       = 2012,
  pages	       = {700-718}
}

@InProceedings{DBLP:conf/eurocrypt/BanerjeePR12,
  author       = {Abhishek Banerjee and Chris Peikert and Alon Rosen},
  title	       = {Pseudorandom Functions and Lattices},
  booktitle    = {EUROCRYPT},
  year	       = 2012,
  pages	       = {719-737}
}

@InProceedings{DBLP:conf/eurocrypt/Lyubashevsky12,
  author       = {Vadim Lyubashevsky},
  title	       = {Lattice Signatures without Trapdoors},
  booktitle    = {EUROCRYPT},
  year	       = 2012,
  pages	       = {738-755}
}

@InProceedings{DBLP:conf/tcc/Pietrzak12,
  author       = {Krzysztof Pietrzak},
  title	       = {Subspace {LWE}},
  booktitle    = {TCC},
  year	       = 2012,
  pages	       = {548-563}
}

@InProceedings{DBLP:conf/innovations/BrakerskiGV12,
  author       = {Zvika Brakerski and Craig Gentry and Vinod
                  Vaikuntanathan},
  title	       = {({Leveled}) fully homomorphic encryption without
                  bootstrapping},
  booktitle    = {ITCS},
  year	       = 2012,
  pages	       = {309-325}
}

@Misc{WuH12,
  author       = {David Wu and Jacob Haven},
  title	       = {Using Homomorphic Encryption for Large Scale
                  Statistical Analysis},
  howpublished = {Stanford CURIS 2012,
                  \url{http://www.stanford.edu/~dwu4/CURISPoster.pdf}},
  year	       = 2012
}

@Misc{darmstadt_latt_chall,
  author       = {Richard Lindner and Markus R{\"u}ckert and
                  P. Baumann and L. Nobach},
  title        = {{TU} {Darmstadt} Lattice Challenge},
  year         = 2010,
  note         = {\url{https://www.latticechallenge.org/}}
}

@Misc{bar_ilan_winter_school,
  title	       = {Website for the {Bar}-{Ilan} Winter School on
                  Lattice-Based Cryptography and Applications},
  year	       = 2012,
  note	       = {\url{http://crypto.biu.ac.il/winterschool2012/}},
  key	       = {Bar}
}

@InProceedings{DBLP:conf/asiacrypt/BonehDFLSZ11,
  author       = {Dan Boneh and {\"{O}}zg{\"{u}}r Dagdelen and Marc
                  Fischlin and Anja Lehmann and Christian Schaffner
                  and Mark Zhandry},
  title        = {Random Oracles in a Quantum World},
  booktitle    = {ASIACRYPT},
  year         = 2011,
  pages        = {41-69}
}

@InProceedings{DBLP:conf/asiacrypt/ChenN11,
  author       = {Yuanmi Chen and Phong Q. Nguyen},
  title	       = {{BKZ} 2.0: Better Lattice Security Estimates},
  booktitle    = {ASIACRYPT},
  year	       = 2011,
  pages	       = {1-20}
}

@InProceedings{DBLP:conf/crypto/CoronMNT11,
  author       = {Jean-S{\'e}bastien Coron and Avradip Mandal and
                  David Naccache and Mehdi Tibouchi},
  title	       = {Fully Homomorphic Encryption over the Integers with
                  Shorter Public Keys},
  booktitle    = {CRYPTO},
  year	       = 2011,
  pages	       = {487-504}
}

@InProceedings{DBLP:conf/focs/DadushPV11,
  author       = {Daniel Dadush and Chris Peikert and Santosh Vempala},
  title	       = {Enumerative Lattice Algorithms in any Norm Via
                  {M}-ellipsoid Coverings},
  booktitle    = {FOCS},
  year	       = 2011,
  pages	       = {580-589}
}

@InProceedings{DBLP:conf/focs/BrakerskiV11,
  author       = {Zvika Brakerski and Vinod Vaikuntanathan},
  title	       = {Efficient Fully Homomorphic Encryption from
                  (Standard) {LWE}},
  booktitle    = {FOCS},
  year	       = 2011,
  pages	       = {97-106}
}

@InProceedings{DBLP:conf/focs/GentryH11,
  author       = {Craig Gentry and Shai Halevi},
  title	       = {Fully Homomorphic Encryption without Squashing Using
                  Depth-3 Arithmetic Circuits},
  booktitle    = {FOCS},
  year	       = 2011,
  pages	       = {107-109}
}

@InProceedings{DBLP:conf/ccs/NaehrigLV11,
  author       = {Michael Naehrig and Kristin Lauter and Vinod
                  Vaikuntanathan},
  title	       = {Can homomorphic encryption be practical?},
  booktitle    = {CCSW},
  year	       = 2011,
  pages	       = {113-124}
}

@Misc{cryptoeprint:2011:133,
  author       = {N.P. Smart and F. Vercauteren},
  title	       = {Fully Homomorphic {SIMD} Operations},
  howpublished = {Cryptology ePrint Archive, Report 2011/133},
  year	       = 2011,
  note	       = {\url{http://eprint.iacr.org/}}
}

@InProceedings{DBLP:conf/asiacrypt/AgrawalFV11,
  author       = {Shweta Agrawal and David Mandell Freeman and Vinod
                  Vaikuntanathan},
  title	       = {Functional Encryption for Inner Product Predicates
                  from Learning with Errors},
  booktitle    = {ASIACRYPT},
  year	       = 2011
}

@InProceedings{DBLP:conf/focs/Vaikuntanathan11,
  author       = {Vinod Vaikuntanathan},
  title	       = {Computing Blindfolded: New Developments in Fully
                  Homomorphic Encryption},
  booktitle    = {FOCS},
  year	       = 2011,
  pages	       = {5-16}
}

@InProceedings{DBLP:conf/pqcrypto/XieXZ11,
  author       = {Xiang Xie and Rui Xue and Rui Zhang},
  title	       = {Efficient Threshold Encryption from Lossy Trapdoor
                  Functions},
  booktitle    = {PQCrypto},
  year	       = 2011,
  pages	       = {163-178}
}

@InProceedings{DBLP:conf/crypto/BrakerskiV11,
  author       = {Zvika Brakerski and Vinod Vaikuntanathan},
  title	       = {Fully Homomorphic Encryption from {Ring-LWE} and
                  Security for Key Dependent Messages},
  booktitle    = {CRYPTO},
  year	       = 2011,
  pages	       = {505-524}
}

@InProceedings{DBLP:conf/crypto/MicciancioM11,
  author       = {Daniele Micciancio and Petros Mol},
  title	       = {Pseudorandom Knapsacks and the Sample Complexity of
                  {LWE} Search-to-Decision Reductions},
  booktitle    = {CRYPTO},
  year	       = 2011,
  pages	       = {465-484}
}

@InProceedings{DBLP:conf/eurocrypt/GentryH11,
  author       = {Craig Gentry and Shai Halevi},
  title	       = {Implementing {Gentry's} Fully-Homomorphic Encryption
                  Scheme},
  booktitle    = {EUROCRYPT},
  year	       = 2011,
  pages	       = {129-148}
}

@InProceedings{DBLP:conf/eurocrypt/StehleS11,
  author       = {Damien Stehl{\'e} and Ron Steinfeld},
  title	       = {Making {NTRU} as Secure as Worst-Case Problems over
                  Ideal Lattices},
  booktitle    = {EUROCRYPT},
  year	       = 2011,
  pages	       = {27-47}
}

@InProceedings{DBLP:conf/eurocrypt/BonehF11,
  author       = {Dan Boneh and David Mandell Freeman},
  title	       = {Homomorphic Signatures for Polynomial Functions},
  booktitle    = {EUROCRYPT},
  year	       = 2011,
  pages	       = {149-168}
}

@InProceedings{DBLP:conf/pkc/BonehF11,
  author       = {Dan Boneh and David Mandell Freeman},
  title	       = {Linearly Homomorphic Signatures over Binary Fields
                  and New Tools for Lattice-Based Signatures},
  booktitle    = {Public Key Cryptography},
  year	       = 2011,
  pages	       = {1-16}
}

@InProceedings{DBLP:conf/ctrsa/LindnerP11,
  author       = {Richard Lindner and Chris Peikert},
  title	       = {Better Key Sizes (and Attacks) for {LWE}-Based
                  Encryption},
  booktitle    = {CT-RSA},
  year	       = 2011,
  pages	       = {319-339}
}

@Misc{cryptoeprint:2010:137,
  author       = {Markus R{\"u}ckert and Michael Schneider},
  title	       = {Selecting Secure Parameters for Lattice-based
                  Cryptography},
  howpublished = {Cryptology ePrint Archive, Report 2010/137},
  year	       = 2010,
  note	       = {\url{http://eprint.iacr.org/}}
}

@PhdThesis{wan_phd_thesis10,
  author       = {Andrew Wan},
  title	       = {Learning, Cryptography and the Average Case},
  school       = {Columbia University},
  year	       = 2010
}

@InProceedings{DBLP:conf/asiacrypt/GordonKV10,
  author       = {S. Dov Gordon and Jonathan Katz and Vinod
                  Vaikuntanathan},
  title	       = {A Group Signature Scheme from Lattice Assumptions},
  booktitle    = {ASIACRYPT},
  year	       = 2010,
  pages	       = {395-412}
}

@InProceedings{DBLP:conf/crypto/Peikert10,
  author       = {Chris Peikert},
  title	       = {An Efficient and Parallel {Gaussian} Sampler for
                  Lattices},
  booktitle    = {CRYPTO},
  year	       = 2010,
  pages	       = {80-97}
}

@InProceedings{DBLP:conf/crypto/AgrawalBB10,
  author       = {Shweta Agrawal and Dan Boneh and Xavier Boyen},
  title	       = {Lattice Basis Delegation in Fixed Dimension and
                  Shorter-Ciphertext Hierarchical {IBE}},
  booktitle    = {CRYPTO},
  year	       = 2010,
  pages	       = {98-115}
}

@InProceedings{DBLP:conf/crypto/Gentry10,
  author       = {Craig Gentry},
  title	       = {Toward Basing Fully Homomorphic Encryption on
                  Worst-Case Hardness},
  booktitle    = {CRYPTO},
  year	       = 2010,
  pages	       = {116-137}
}

@Article{DBLP:journals/cacm/Gentry10,
  author       = {Craig Gentry},
  title	       = {Computing arbitrary functions of encrypted data},
  journal      = {Commun. {ACM}},
  year	       = 2010,
  volume       = 53,
  number       = 3,
  pages	       = {97-105}
}

@InProceedings{DBLP:conf/pkc/SmartV10,
  author       = {Nigel P. Smart and Frederik Vercauteren},
  title	       = {Fully Homomorphic Encryption with Relatively Small
                  Key and Ciphertext Sizes},
  booktitle    = {Public Key Cryptography},
  year	       = 2010,
  pages	       = {420-443}
}

@InProceedings{DBLP:conf/coco/Regev10,
  author       = {Oded Regev},
  title	       = {The Learning with Errors Problem (Invited Survey)},
  booktitle    = {IEEE Conference on Computational Complexity},
  year	       = 2010,
  pages	       = {191-204}
}

@InProceedings{DBLP:conf/eurocrypt/GamaNR10,
  author       = {Nicolas Gama and Phong Q. Nguyen and Oded Regev},
  title	       = {Lattice Enumeration Using Extreme Pruning},
  booktitle    = {EUROCRYPT},
  year	       = 2010,
  pages	       = {257-278}
}

@InProceedings{DBLP:conf/stoc/MicciancioV10,
  author       = {Daniele Micciancio and Panagiotis Voulgaris},
  title	       = {A deterministic single exponential time algorithm
                  for most lattice problems based on {Voronoi} cell
                  computations},
  booktitle    = {STOC},
  year	       = 2010,
  pages	       = {351-358}
}

@InProceedings{DBLP:conf/soda/MicciancioV10,
  author       = {Daniele Micciancio and Panagiotis Voulgaris},
  title	       = {Faster Exponential Time Algorithms for the Shortest
                  Vector Problem},
  booktitle    = {SODA},
  year	       = 2010,
  pages	       = {1468-1480}
}

@InProceedings{DBLP:conf/pqcrypto/Ruckert10,
  author       = {Markus R{\"u}ckert},
  title	       = {Strongly Unforgeable Signatures and Hierarchical
                  Identity-Based Signatures from Lattices without
                  Random Oracles},
  booktitle    = {PQCrypto},
  year	       = 2010,
  pages	       = {182-200}
}

@InProceedings{DBLP:conf/eurocrypt/GentryHV10,
  author       = {Craig Gentry and Shai Halevi and Vinod
                  Vaikuntanathan},
  title	       = {A Simple {BGN}-Type Cryptosystem from {LWE}},
  booktitle    = {EUROCRYPT},
  year	       = 2010,
  pages	       = {506-522}
}

@InProceedings{DBLP:conf/eurocrypt/LyubashevskyPR10,
  author       = {Vadim Lyubashevsky and Chris Peikert and Oded Regev},
  title	       = {On Ideal Lattices and Learning with Errors over
                  Rings},
  booktitle    = {EUROCRYPT},
  year	       = 2010,
  pages	       = {1-23}
}

@InProceedings{DBLP:conf/eurocrypt/CashHKP10,
  author       = {David Cash and Dennis Hofheinz and Eike Kiltz and
                  Chris Peikert},
  title	       = {Bonsai Trees, or How to Delegate a Lattice Basis},
  booktitle    = {EUROCRYPT},
  year	       = 2010,
  pages	       = {523-552}
}

@InProceedings{DBLP:conf/eurocrypt/AgrawalBB10,
  author       = {Shweta Agrawal and Dan Boneh and Xavier Boyen},
  title	       = {Efficient Lattice {(H)IBE} in the Standard Model},
  booktitle    = {EUROCRYPT},
  year	       = 2010,
  pages	       = {553-572}
}

@InProceedings{micciancio10:_duality_lbc,
  author       = {Daniele Micciancio},
  title	       = {Duality in Lattice Cryptography},
  booktitle    = {Public Key Cryptography},
  year	       = 2010,
  note	       = {Invited talk}
}

@InProceedings{DBLP:conf/pkc/Boyen10,
  author       = {Xavier Boyen},
  title	       = {Lattice Mixing and Vanishing Trapdoors: A Framework
                  for Fully Secure Short Signatures and More},
  booktitle    = {Public Key Cryptography},
  year	       = 2010,
  pages	       = {499-517}
}

@InProceedings{DBLP:conf/innovations/GoldwasserKPV10,
  author       = {Shafi Goldwasser and Yael Tauman Kalai and Chris
                  Peikert and Vinod Vaikuntanathan},
  title	       = {Robustness of the Learning with Errors Assumption},
  booktitle    = {ICS},
  year	       = 2010,
  pages	       = {230-240}
}

@InProceedings{DBLP:conf/tcc/BendlinD10,
  author       = {Rikke Bendlin and Ivan Damg{\aa}rd},
  title	       = {Threshold Decryption and Zero-Knowledge Proofs for
                  Lattice-Based Cryptosystems},
  booktitle    = {TCC},
  year	       = 2010,
  pages	       = {201-218}
}

@Unpublished{malkin09:_learn_overc_basis,
  author       = {Tal Malkin and Chris Peikert and Rocco A. Servedio
                  and Andrew Wan},
  title	       = {Learning an Overcomplete Basis: Analysis of
                  Lattice-Based Signatures with Perturbations},
  note	       = {Manuscript},
  year	       = 2009
}

@InProceedings{DBLP:conf/asiacrypt/KatzV09,
  author       = {Jonathan Katz and Vinod Vaikuntanathan},
  title	       = {Smooth Projective Hashing and Password-Based
                  Authenticated Key Exchange from Lattices},
  booktitle    = {ASIACRYPT},
  year	       = 2009,
  pages	       = {636-652}
}

@Unpublished{agrawal09:_ident_based_encry_from_lattic,
  author       = {Shweta Agrawal and Xavier Boyen},
  title	       = {Identity-Based Encryption from Lattices in the
                  Standard Model},
  note	       = {Manuscript},
  month	       = {July},
  year	       = 2009
}

@Misc{cryptoeprint:2009:351,
  author       = {David Cash and Dennis Hofheinz and Eike Kiltz},
  title	       = {How to Delegate a Lattice Basis},
  howpublished = {Cryptology ePrint Archive, Report 2009/351},
  year	       = 2009,
  note	       = {\url{http://eprint.iacr.org/}},
  month	       = {July}
}

@Misc{cryptoeprint:2009:359,
  author       = {Chris Peikert},
  title	       = {Bonsai Trees (or, Arboriculture in Lattice-Based
                  Cryptography)},
  howpublished = {Cryptology ePrint Archive, Report 2009/359},
  year	       = 2009,
  note	       = {\url{http://eprint.iacr.org/}},
  month	       = {July}
}

@InProceedings{DBLP:conf/asiacrypt/Lyubashevsky09,
  author       = {Vadim Lyubashevsky},
  title	       = {Fiat-{Shamir} with Aborts: Applications to Lattice
                  and Factoring-Based Signatures},
  booktitle    = {ASIACRYPT},
  year	       = 2009,
  pages	       = {598-616}
}

@InProceedings{DBLP:conf/asiacrypt/StehleSTX09,
  author       = {Damien Stehl{\'e} and Ron Steinfeld and Keisuke
                  Tanaka and Keita Xagawa},
  title	       = {Efficient Public Key Encryption Based on Ideal
                  Lattices},
  booktitle    = {ASIACRYPT},
  year	       = 2009,
  pages	       = {617-635}
}

@Article{DBLP:journals/jacm/Regev09,
  author       = {Oded Regev},
  title	       = {On lattices, learning with errors, random linear
                  codes, and cryptography},
  journal      = {J.~ACM},
  volume       = 56,
  number       = 6,
  year	       = 2009,
  note	       = {Preliminary version in STOC 2005},
  prelimyear   = 2005,
  pages	       = {1-40}
}

@InProceedings{DBLP:conf/crypto/LyubashevskyM09,
  author       = {Vadim Lyubashevsky and Daniele Micciancio},
  title	       = {On Bounded Distance Decoding, Unique Shortest
                  Vectors, and the Minimum Distance Problem},
  booktitle    = {CRYPTO},
  year	       = 2009,
  pages	       = {577-594}
}

@InProceedings{DBLP:conf/crypto/ApplebaumCPS09,
  author       = {Benny Applebaum and David Cash and Chris Peikert and
                  Amit Sahai},
  title	       = {Fast Cryptographic Primitives and Circular-Secure
                  Encryption Based on Hard Learning Problems},
  booktitle    = {CRYPTO},
  year	       = 2009,
  pages	       = {595-618}
}

@InProceedings{DBLP:conf/stoc/Peikert09,
  author       = {Chris Peikert},
  title	       = {Public-key cryptosystems from the worst-case
                  shortest vector problem},
  booktitle    = {STOC},
  year	       = 2009,
  pages	       = {333-342}
}

@InProceedings{DBLP:conf/stoc/Gentry09,
  author       = {Craig Gentry},
  title	       = {Fully homomorphic encryption using ideal lattices},
  booktitle    = {STOC},
  year	       = 2009,
  pages	       = {169-178}
}

@PhdThesis{GentryThesis09,
  author       = {Craig Gentry},
  title	       = {A fully homomorphic encryption scheme},
  school       = {Stanford University},
  year	       = 2009,
  note	       = {\url{http://crypto.stanford.edu/craig}}
} 

@InProceedings{DBLP:conf/pkc/Lyubashevsky08,
  author       = {Vadim Lyubashevsky},
  title	       = {Lattice-Based Identification Schemes Secure Under
                  Active Attacks},
  booktitle    = {Public Key Cryptography},
  year	       = 2008,
  pages	       = {162-179}
}

@InProceedings{DBLP:conf/fsttcs/ArvindJ08,
  author       = {Vikraman Arvind and Pushkar S. Joglekar},
  title	       = {Some Sieving Algorithms for Lattice Problems},
  booktitle    = {FSTTCS},
  year	       = 2008,
  pages	       = {25-36}
}

@InProceedings{DBLP:conf/asiacrypt/KawachiTX08,
  author       = {Akinori Kawachi and Keisuke Tanaka and Keita Xagawa},
  title	       = {Concurrently Secure Identification Schemes Based on
                  the Worst-Case Hardness of Lattice Problems},
  booktitle    = {ASIACRYPT},
  year	       = 2008,
  pages	       = {372-389}
}

@InProceedings{DBLP:conf/tcc/AkaviaGV09,
  author       = {Adi Akavia and Shafi Goldwasser and Vinod
                  Vaikuntanathan},
  title	       = {Simultaneous Hardcore Bits and Cryptography against
                  Memory Attacks},
  booktitle    = {TCC},
  year	       = 2009,
  pages	       = {474-495}
}

@Article{alwen11:_gener_short_bases,
  author       = {Jo{\"e}l Alwen and Chris Peikert},
  title	       = {Generating Shorter Bases for Hard Random Lattices},
  journal      = {Theory of Computing Systems},
  year	       = 2011,
  volume       = 48,
  number       = 3,
  pages	       = {535-553},
  month	       = {April},
  note	       = {Preliminary version in STACS 2009},
  prelimyear   = 2009
}

@InCollection{MR09:_post_quant_crypt,
  author       = {Daniele Micciancio and Oded Regev},
  title	       = {Lattice-based Cryptography},
  booktitle    = {Post Quantum Cryptography},
  pages	       = {147-191},
  publisher    = {Springer},
  year	       = 2009,
  type	       = {Chapter on},
  month	       = {February}
}

@Misc{regev08-personal-comm,
  author       = {Oded Regev},
  month	       = {December},
  year	       = 2008,
  note	       = {Personal communication}
}

@InProceedings{DBLP:conf/soda/Micciancio08,
  author       = {Daniele Micciancio},
  title	       = {Efficient reductions among lattice problems},
  booktitle    = {SODA},
  year	       = 2008,
  pages	       = {84-93}
}

@Article{DBLP:journals/eccc/Peikert08,
  author       = {Chris Peikert},
  title	       = {Public-Key Cryptosystems from the Worst-Case
                  Shortest Vector Problem},
  journal      = {Electronic Colloquium on Computational Complexity
                  (ECCC)},
  volume       = 15,
  number       = 100,
  year	       = 2008
}

@Article{DBLP:journals/eccc/ECCC-TR07-097,
  author       = {Mikl{\'o}s Ajtai and Cynthia Dwork},
  title	       = {The First and Fourth Public-Key Cryptosystems with
                  Worst-Case/Average-Case Equivalence},
  journal      = {Electronic Colloquium on Computational Complexity
                  (ECCC)},
  year	       = 2007,
  volume       = 14,
  number       = 97
}

@InProceedings{DBLP:conf/eurocrypt/GamaN08,
  author       = {Nicolas Gama and Phong Q. Nguyen},
  title	       = {Predicting Lattice Reduction},
  booktitle    = {EUROCRYPT},
  year	       = 2008,
  pages	       = {31-51}
}

@InProceedings{DBLP:conf/crypto/PeikertV08,
  author       = {Chris Peikert and Vinod Vaikuntanathan},
  title	       = {Noninteractive Statistical Zero-Knowledge Proofs for
                  Lattice Problems},
  booktitle    = {CRYPTO},
  year	       = 2008,
  pages	       = {536-553}
}

@InProceedings{DBLP:conf/stoc/GentryPV08,
  author       = {Craig Gentry and Chris Peikert and Vinod
                  Vaikuntanathan},
  title	       = {Trapdoors for hard lattices and new cryptographic
                  constructions},
  booktitle    = {STOC},
  year	       = 2008,
  pages	       = {197-206}
}

@Article{DBLP:journals/jmc/NguyenV08,
  author       = {Phong Q. Nguyen and Thomas Vidick},
  title        = {Sieve algorithms for the shortest vector problem are
                  practical},
  journal      = {J. Mathematical Cryptology},
  year         = 2008,
  volume       = 2,
  number       = 2,
  pages        = {181-207}
}

@InProceedings{DBLP:conf/soda/Klein00,
  author       = {Philip N. Klein},
  title	       = {Finding the closest lattice vector when it's
                  unusually close},
  booktitle    = {SODA},
  year	       = 2000,
  pages	       = {937-941}
}

@InProceedings{DBLP:conf/focs/KlivansS06,
  author       = {Adam R. Klivans and Alexander A. Sherstov},
  title	       = {Cryptographic Hardness for Learning Intersections of
                  Halfspaces},
  booktitle    = {FOCS},
  year	       = 2006,
  pages	       = {553-562}
}

@InBook{Micciancio:LLL25,
  author       = {Daniele Micciancio},
  title	       = {The LLL Algorithm: Survey and Applications},
  chapter      = {Cryptographic functions from worst-case complexity
                  assumptions},
  publisher    = {Springer},
  year	       = 2009,
  series       = {Information Security and Cryptography},
  month	       = dec,
  pages	       = {427-452},
  note	       = {Preliminary version in Proceedings of LLL25, 2007},
  prelimyear   = 2007
}

@InProceedings{DBLP:conf/crypto/Howgrave-Graham07,
  author       = {Nick Howgrave{-}Graham},
  title        = {A Hybrid Lattice-Reduction and Meet-in-the-Middle
                  Attack Against {NTRU}},
  booktitle    = {CRYPTO},
  year         = 2007,
  pages        = {150-169}
}

@InProceedings{DBLP:conf/pkc/KawachiTX07,
  author       = {Akinori Kawachi and Keisuke Tanaka and Keita Xagawa},
  title	       = {Multi-bit Cryptosystems Based on Lattice Problems},
  booktitle    = {Public Key Cryptography},
  year	       = 2007,
  pages	       = {315-329}
}

@Article{DBLP:journals/joc/JouxS98,
  author       = {Antoine Joux and Jacques Stern},
  title	       = {Lattice Reduction: A Toolbox for the Cryptanalyst},
  journal      = {J.~Cryptology},
  volume       = 11,
  number       = 3,
  year	       = 1998,
  pages	       = {161-185}
}

@InProceedings{DBLP:conf/calc/NguyenS01,
  author       = {Phong Q. Nguyen and Jacques Stern},
  title	       = {The Two Faces of Lattices in Cryptology},
  booktitle    = {CaLC},
  year	       = 2001,
  pages	       = {146-180}
}

@InProceedings{DBLP:conf/ants/NguyenS00,
  author       = {Phong Q. Nguyen and Jacques Stern},
  title	       = {Lattice Reduction in Cryptology: An Update},
  booktitle    = {ANTS},
  year	       = 2000,
  pages	       = {85-112}
}

@InProceedings{DBLP:conf/icalp/Ajtai99,
  author       = {Mikl{\'o}s Ajtai},
  title	       = {Generating Hard Instances of the Short Basis
                  Problem},
  booktitle    = {ICALP},
  year	       = 1999,
  pages	       = {1-9}
}

@InProceedings{DBLP:conf/crypto/MicciancioV03,
  author       = {Daniele Micciancio and Salil P. Vadhan},
  title	       = {Statistical Zero-Knowledge Proofs with Efficient
                  Provers: Lattice Problems and More},
  booktitle    = {CRYPTO},
  year	       = 2003,
  pages	       = {282-298}
}

@InProceedings{DBLP:conf/icalp/BlomerN07,
  author       = {Johannes Bl{\"o}mer and Stefanie Naewe},
  title	       = {Sampling Methods for Shortest Vectors, Closest
                  Vectors and Successive Minima},
  booktitle    = {ICALP},
  year	       = 2007,
  pages	       = {65-77}
}

@InProceedings{DBLP:conf/tcc/PeikertR06,
  author       = {Chris Peikert and Alon Rosen},
  title	       = {Efficient Collision-Resistant Hashing from
                  Worst-Case Assumptions on Cyclic Lattices},
  booktitle    = {TCC},
  year	       = 2006,
  pages	       = {145-166}
}

@Misc{lyubashevsky06:_provab_secur_fft_hashin,
  author       = {Vadim Lyubashevsky and Daniele Micciancio and Chris
                  Peikert and Alon Rosen},
  title	       = {Provably Secure {FFT} Hashing},
  howpublished = {NIST Second Cryptographic Hash Workshop},
  month	       = {August},
  year	       = 2006
}

@Unpublished{aglmpr08:_swifftx,
  author       = {Yuriy Arbitman and Gil Dogon and Vadim Lyubashevsky
                  and Daniele Micciancio and Chris Peikert and Alon
                  Rosen},
  title	       = {{SWIFFTX}: A Proposal for the {SHA}-3 Standard},
  note	       = {Submitted to NIST SHA-3 competition},
  year	       = 2008
}

@InProceedings{DBLP:conf/fse/LyubashevskyMPR08,
  author       = {Vadim Lyubashevsky and Daniele Micciancio and Chris
                  Peikert and Alon Rosen},
  title	       = {{SWIFFT}: A Modest Proposal for {FFT} Hashing},
  booktitle    = {FSE},
  year	       = 2008,
  pages	       = {54-72}
}

@InProceedings{DBLP:conf/approx/LiuLM06,
  author       = {Yi-Kai Liu and Vadim Lyubashevsky and Daniele
                  Micciancio},
  title	       = {On Bounded Distance Decoding for General Lattices},
  booktitle    = {APPROX-RANDOM},
  year	       = 2006,
  pages	       = {450-461}
}

@InProceedings{DBLP:conf/approx/Lyubashevsky05,
  author       = {Vadim Lyubashevsky},
  title        = {The Parity Problem in the Presence of Noise,
                  Decoding Random Linear Codes, and the Subset Sum
                  Problem},
  booktitle    = {APPROX-RANDOM},
  year         = 2005,
  pages        = {378-389}
}

@Article{DBLP:journals/tsp/PuschelM08,
  author       = {Markus P{\"u}schel and Jos{\'e} M. F. Moura},
  title	       = {Algebraic Signal Processing Theory: {Cooley}-{Tukey}
                  Type Algorithms for {DCTs} and {DSTs}},
  journal      = {IEEE Transactions on Signal Processing},
  volume       = 56,
  number       = 4,
  year	       = 2008,
  pages	       = {1502-1521}
}

@Article{Pueschel:05,
  author       = {Markus P{\"u}schel and Jos{\'e} M. F. Moura and
                  Jeremy Johnson and David Padua and Manuela Veloso
                  and Bryan Singer and Jianxin Xiong and Franz
                  Franchetti and Aca Gacic and Yevgen Voronenko and
                  Kang Chen and Robert W. Johnson and Nicholas
                  Rizzolo},
  title	       = {{SPIRAL}: Code Generation for {DSP} Transforms},
  journal      = {Proceedings of the IEEE, special issue on ``Program
                  Generation, Optimization, and Adaptation''},
  volume       = 93,
  number       = 2,
  pages	       = {232-275},
  year	       = 2005
}

@InProceedings{Franchetti:09,
  author       = {Franz Franchetti and Fr{\'e}d{\'e}ric {de Mesmay}
                  and Daniel McFarlin and Markus P{\"u}schel},
  title	       = {Operator Language: A Program Generation Framework
                  for Fast Kernels},
  booktitle    = {IFIP Working Conference on Domain Specific Languages
                  (DSL WC)},
  publisher    = {Springer},
  series       = {Lecture Notes in Computer Science},
  volume       = 5658,
  pages	       = {385-410},
  year	       = 2009
}

@Article{DBLP:journals/siamcomp/Regev04,
  author       = {Oded Regev},
  title	       = {Quantum Computation and Lattice Problems},
  journal      = {SIAM J.~Comput.},
  volume       = 33,
  number       = 3,
  year	       = 2004,
  pages	       = {738-760},
  note	       = {Preliminary version in FOCS 2002},
  prelimyear   = 2002
}

@InProceedings{DBLP:conf/stacs/Schnorr03,
  author       = {Claus-Peter Schnorr},
  title	       = {Lattice Reduction by Random Sampling and Birthday
                  Methods},
  booktitle    = {STACS},
  year	       = 2003,
  pages	       = {145-156}
}

@InProceedings{DBLP:conf/stoc/BlomerS99,
  author       = {Johannes Bl{\"o}mer and Jean-Pierre Seifert},
  title	       = {On the Complexity of Computing Short Linearly
                  Independent Vectors and Short Bases in a Lattice},
  booktitle    = {STOC},
  year	       = 1999,
  pages	       = {711-720}
}

@InProceedings{DBLP:conf/crypto/GoldreichGH97a,
  author       = {Oded Goldreich and Shafi Goldwasser and Shai Halevi},
  title	       = {Public-Key Cryptosystems from Lattice Reduction
                  Problems},
  booktitle    = {CRYPTO},
  year	       = 1997,
  pages	       = {112-131}
}

@InProceedings{DBLP:conf/crypto/Wagner02,
  author       = {David Wagner},
  title	       = {A Generalized Birthday Problem},
  booktitle    = {CRYPTO},
  year	       = 2002,
  pages	       = {288-303}
}

@InProceedings{DBLP:conf/calc/Micciancio01,
  author       = {Daniele Micciancio},
  title	       = {Improving Lattice Based Cryptosystems Using the
                  {Hermite} Normal Form},
  booktitle    = {CaLC},
  year	       = 2001,
  pages	       = {126-145}
}

@InProceedings{DBLP:conf/issac/MicciancioW01,
  author       = {Daniele Micciancio and Bogdan Warinschi},
  title	       = {A linear space algorithm for computing the {Hermite}
                  normal form},
  booktitle    = {ISSAC},
  year	       = 2001,
  pages	       = {231-236}
}

@InProceedings{DBLP:conf/stoc/AjtaiKS01,
  author       = {Mikl{\'o}s Ajtai and Ravi Kumar and D. Sivakumar},
  title	       = {A sieve algorithm for the shortest lattice vector
                  problem},
  booktitle    = {STOC},
  year	       = 2001,
  pages	       = {601-610}
}

@InProceedings{DBLP:conf/coco/AjtaiKS02,
  author       = {Mikl{\'o}s Ajtai and Ravi Kumar and D. Sivakumar},
  title	       = {Sampling Short Lattice Vectors and the Closest
                  Lattice Vector Problem},
  booktitle    = {IEEE Conference on Computational Complexity},
  year	       = 2002,
  pages	       = {53-57}
}

@InProceedings{DBLP:conf/focs/CaiN97,
  author       = {Jin-Yi Cai and Ajay Nerurkar},
  title	       = {An Improved Worst-Case to Average-Case Connection
                  for Lattice Problems},
  booktitle    = {FOCS},
  year	       = 1997,
  pages	       = {468-477},
  ee	       =
                  {http://computer.org/proceedings/focs/8197/81970468abs.htm},
  bibsource    = {DBLP, http://dblp.uni-trier.de}
}

@Article{DBLP:journals/tcs/Cai98,
  author       = {Jin-Yi Cai},
  title	       = {A Relation of Primal-Dual Lattices and the
                  Complexity of Shortest Lattice Vector Problem},
  journal      = {Theor. Comput. Sci.},
  volume       = 207,
  number       = 1,
  year	       = 1998,
  pages	       = {105-116}
}

@Article{DBLP:journals/cc/Micciancio07,
  author       = {Daniele Micciancio},
  title	       = {Generalized Compact Knapsacks, Cyclic Lattices, and
                  Efficient One-Way Functions},
  journal      = {Computational Complexity},
  volume       = 16,
  number       = 4,
  year	       = 2007,
  pages	       = {365-411},
  note	       = {Preliminary version in FOCS 2002},
  prelimyear   = 2002
}

@Article{lagarias90:_korkin_zolot_bases_and_succes,
  author       = {J. C. Lagarias and Hendrik W. Lenstra Jr. and
                  Claus-Peter Schnorr},
  title	       = {{Korkin-Zolotarev} bases and successive minima of a
                  lattice and its reciprocal lattice.},
  journal      = {Combinatorica},
  volume       = 10,
  number       = 4,
  year	       = 1990,
  pages	       = {333-348}
}

@Article{DBLP:journals/siamcomp/MicciancioR07,
  author       = {Daniele Micciancio and Oded Regev},
  title	       = {Worst-Case to Average-Case Reductions Based on
                  {Gaussian} Measures.},
  journal      = {SIAM J.~Comput.},
  volume       = 37,
  number       = 1,
  year	       = 2007,
  pages	       = {267-302},
  note	       = {Preliminary version in FOCS 2004},
  prelimyear   = 2004
}

@InProceedings{DBLP:conf/icalp/LyubashevskyM06,
  author       = {Vadim Lyubashevsky and Daniele Micciancio},
  title	       = {Generalized Compact Knapsacks Are Collision
                  Resistant},
  booktitle    = {ICALP (2)},
  year	       = 2006,
  pages	       = {144-155}
}

@InProceedings{DBLP:conf/tcc/LyubashevskyM08,
  author       = {Vadim Lyubashevsky and Daniele Micciancio},
  title	       = {Asymptotically Efficient Lattice-Based Digital
                  Signatures},
  booktitle    = {TCC},
  year	       = 2008,
  pages	       = {37-54}
}

@InProceedings{DBLP:conf/stoc/Ajtai05,
  author       = {Mikl{\'o}s Ajtai},
  title	       = {Representing hard lattices with {$O(n \log n)$}
                  bits},
  booktitle    = {STOC},
  year	       = 2005,
  pages	       = {94-103}
}

@Article{DBLP:journals/corr/Regev04,
  author       = {Oded Regev},
  title        = {A Subexponential Time Algorithm for the Dihedral
                  Hidden Subgroup Problem with Polynomial Space},
  journal      = {CoRR},
  year         = 2004,
  volume       = {quant-ph/0406151},
  archiveprefix= {arXiv},
  eprint       = {quant-ph/0406151},
  primaryclass = {quant-ph}
}

@Article{ajtai04:_gener_hard_instan_lattic_probl,
  author       = {Mikl{\'o}s Ajtai},
  title	       = {Generating Hard Instances of Lattice Problems},
  journal      = {Quaderni di Matematica},
  year	       = 2004,
  volume       = 13,
  pages	       = {1-32},
  note	       = {Preliminary version in STOC 1996},
  prelimyear   = 1996
}

@Article{goldstein03:_equid_of_hecke_point,
  author       = {Daniel Goldstein and Andrew Mayer},
  title	       = {On the equidistribution of Hecke points},
  journal      = {Forum Mathematicum},
  year	       = 2003,
  volume       = 15,
  number       = 2,
  pages	       = {165-189}
}

@InProceedings{DBLP:conf/stoc/Ajtai98,
  author       = {Mikl{\'o}s Ajtai},
  title	       = {The Shortest Vector Problem in {$L_{2}$} is
                  {NP}-hard for Randomized Reductions (Extended
                  Abstract)},
  booktitle    = {STOC},
  year	       = 1998,
  pages	       = {10-19}
}

@InProceedings{DBLP:conf/stoc/AjtaiD97,
  author       = {Mikl{\'o}s Ajtai and Cynthia Dwork},
  title	       = {A Public-Key Cryptosystem with
                  Worst-Case/Average-Case Equivalence},
  booktitle    = {STOC},
  year	       = 1997,
  pages	       = {284-293}
}

@InProceedings{DBLP:conf/stoc/RegevR06,
  author       = {Oded Regev and Ricky Rosen},
  title	       = {Lattice problems and norm embeddings},
  booktitle    = {STOC},
  year	       = 2006,
  pages	       = {447-456}
}

@Article{DBLP:journals/tit/Regev04,
  author       = {Oded Regev},
  title	       = {Improved Inapproximability of Lattice and Coding
                  Problems With Preprocessing},
  journal      = {IEEE Transactions on Information Theory},
  volume       = 50,
  number       = 9,
  year	       = 2004,
  pages	       = {2031-2037}
}

@Article{DBLP:journals/jcss/FeigeM04,
  author       = {Uriel Feige and Daniele Micciancio},
  title	       = {The inapproximability of lattice and coding problems
                  with preprocessing},
  journal      = {J.~Comput. Syst. Sci.},
  volume       = 69,
  number       = 1,
  year	       = 2004,
  pages	       = {45-67},
  note	       = {Preliminary version in CCC 2002},
  prelimyear   = 2002
}

@Article{DBLP:journals/tit/Micciancio01,
  author       = {Daniele Micciancio},
  title	       = {The hardness of the closest vector problem with
                  preprocessing},
  journal      = {IEEE Transactions on Information Theory},
  volume       = 47,
  number       = 3,
  year	       = 2001,
  pages	       = {1212-1215}
}

@Article{DBLP:journals/combinatorica/DinurKRS03,
  author       = {Irit Dinur and Guy Kindler and Ran Raz and Shmuel
                  Safra},
  title	       = {Approximating {CVP} to Within Almost-Polynomial
                  Factors is {NP}-Hard},
  journal      = {Combinatorica},
  volume       = 23,
  number       = 2,
  year	       = 2003,
  pages	       = {205-243},
  note	       = {Preliminary version in FOCS 1998},
  prelimyear   = 1998
}

@Article{DBLP:journals/tcs/Dinur02,
  author       = {Irit Dinur},
  title	       = {Approximating {SVP}$_{\infty}$ to within
                  almost-polynomial factors is {NP}-hard},
  journal      = {Theor. Comput. Sci.},
  volume       = 285,
  number       = 1,
  year	       = 2002,
  pages	       = {55-71},
  note	       = {Preliminary version in CIAC 2000},
  prelimyear   = 2000
}

@InProceedings{DBLP:conf/eurocrypt/Gentry01,
  author       = {Craig Gentry},
  title	       = {Key Recovery and Message Attacks on
                  {NTRU}-Composite},
  booktitle    = {EUROCRYPT},
  year	       = 2001,
  pages	       = {182-194}
}

@Article{DBLP:journals/jcss/GoldreichG00,
  author       = {Oded Goldreich and Shafi Goldwasser},
  title	       = {On the Limits of Nonapproximability of Lattice
                  Problems},
  journal      = {J.~Comput. Syst. Sci.},
  volume       = 60,
  number       = 3,
  year	       = 2000,
  pages	       = {540-563},
  note	       = {Preliminary version in STOC 1998},
  prelimyear   = 1998
}

@InProceedings{DBLP:conf/crypto/NguyenS98,
  author       = {Phong Q. Nguyen and Jacques Stern},
  title	       = {Cryptanalysis of the {Ajtai}-{Dwork} Cryptosystem},
  booktitle    = {CRYPTO},
  year	       = 1998,
  pages	       = {223-242}
}

@Article{DBLP:journals/mp/SchnorrE94,
  author       = {Claus-Peter Schnorr and M. Euchner},
  title	       = {Lattice basis reduction: Improved practical
                  algorithms and solving subset sum problems},
  journal      = {Mathmatical Programming},
  volume       = 66,
  year	       = 1994,
  pages	       = {181-199}
}

@InProceedings{odlyzko90:_rise_and_fall_of_knaps_crypt,
  author       = {Andrew M. Odlyzko},
  title	       = {The rise and fall of knapsack cryptosystems},
  booktitle    = {Cryptology and Computational Number Theory},
  pages	       = {75-88},
  year	       = 1990,
  editor       = {C. Pomerance},
  volume       = 42,
  series       = {Proceedings of Symposia in Applied Mathematics}
}

@Article{DBLP:journals/tcs/Schnorr87,
  author       = {Claus-Peter Schnorr},
  title	       = {A Hierarchy of Polynomial Time Lattice Basis
                  Reduction Algorithms},
  journal      = {Theor. Comput. Sci.},
  volume       = 53,
  year	       = 1987,
  pages	       = {201-224}
}

@Article{DBLP:journals/siamcomp/Micciancio04,
  author       = {Daniele Micciancio},
  title	       = {Almost Perfect Lattices, the Covering Radius
                  Problem, and Applications to {Ajtai's} Connection
                  Factor},
  journal      = {SIAM J.~Comput.},
  volume       = 34,
  number       = 1,
  year	       = 2004,
  pages	       = {118-169}
}

@Article{kannan87:_minkow_convex_body_theor_and_integ_progr,
  author       = {Ravi Kannan},
  title	       = {{Minkowski's} convex body theorem and integer
                  programming},
  journal      = {Mathematics of operations research},
  year	       = 1987,
  volume       = 12,
  number       = 3,
  pages	       = {415-440},
  month	       = {August},
  note	       = 1987
}

@Article{borell85,
  author       = {C. Borell},
  title        = {Geometric bounds on the {O}rnstein-{U}hlenbeck
                  velocity process},
  journal      = {Z. Wahrsch. Verw. Gebiete},
  year         = 1985,
  volume       = 70,
  number       = 1,
  pages        = {1-13},
  fjournal     = {Zeitschrift f\"ur Wahrscheinlichkeitstheorie und
                  Verwandte Gebiete}
}

@Article{barnes83:_lattice_packings,
  author       = {Eric S. Barnes and Neil J. A. Sloane},
  title        = {New Lattices Packings of Spheres},
  journal      = {Can. J. Math},
  year         = 1983,
  volume       = {XXXV},
  number       = 1,
  pages        = {117-130}
}

@Article{lenstra83:_integ_progr_with_fixed_number_of_variab,
  author       = {Hendrik W. Lenstra},
  title	       = {Integer programming with a fixed number of
                  variables},
  journal      = {Mathematics of Operations Research},
  year	       = 1983,
  volume       = 8,
  number       = 4,
  pages	       = {538-548},
  month	       = {November}
}

@Article{lenstra82:_factor,
  author       = {Arjen K. Lenstra and Lenstra, Jr., Hendrik W. and
                  L\'{a}szl\'{o} Lov\'{a}sz},
  title	       = {Factoring polynomials with rational coefficients},
  journal      = {Mathematische Annalen},
  year	       = 1982,
  volume       = 261,
  number       = 4,
  pages	       = {515-534},
  month	       = {December}
}

@Article{DBLP:journals/jacm/AharonovR05,
  author       = {Dorit Aharonov and Oded Regev},
  title	       = {Lattice problems in {NP} $\cap$ {coNP}},
  journal      = {J.~ACM},
  volume       = 52,
  number       = 5,
  year	       = 2005,
  pages	       = {749-765},
  note	       = {Preliminary version in FOCS 2004},
  prelimyear   = 2004
}

@Article{banaszczyk93:_new,
  author       = {Wojciech Banaszczyk},
  title	       = {New bounds in some transference theorems in the
                  geometry of numbers},
  journal      = {Mathematische Annalen},
  year	       = 1993,
  volume       = 296,
  number       = 4,
  pages	       = {625-635}
}

@Article{DBLP:journals/dcg/Banaszczyk95,
  author       = {Wojciech Banaszczyk},
  title	       = {Inequalites for Convex Bodies and Polar Reciprocal
                  Lattices in {$\mathbb{R}^n$}},
  journal      = {Discrete {\&} Computational Geometry},
  volume       = 13,
  year	       = 1995,
  pages	       = {217-231}
}

@Article{DBLP:journals/combinatorica/Babai86,
  author       = {L{\'a}szl{\'o} Babai},
  title	       = {On {Lov{\'a}sz'} lattice reduction and the nearest
                  lattice point problem},
  journal      = {Combinatorica},
  volume       = 6,
  number       = 1,
  year	       = 1986,
  pages	       = {1-13},
  note	       = {Preliminary version in STACS 1985},
  prelimyear   = 1985
}

@Article{DBLP:journals/dam/Cai03,
  author       = {Jin-Yi Cai},
  title	       = {A new transference theorem in the geometry of
                  numbers and new bounds for {Ajtai's} connection
                  factor},
  journal      = {Discrete Applied Mathematics},
  volume       = 126,
  number       = 1,
  year	       = 2003,
  pages	       = {9-31},
  note	       = {Preliminary version in CCC 1999},
  prelimyear   = 1999
}

@Article{DBLP:journals/ipl/GoldreichMSS99,
  author       = {Oded Goldreich and Daniele Micciancio and Shmuel
                  Safra and Jean-Pierre Seifert},
  title	       = {Approximating Shortest Lattice Vectors is not Harder
                  than Approximating Closest Lattice Vectors},
  journal      = {Inf. Process. Lett.},
  volume       = 71,
  number       = 2,
  year	       = 1999,
  pages	       = {55-61}
}

@Article{DBLP:journals/siamdm/KumarS03,
  author       = {Ravi Kumar and D. Sivakumar},
  title	       = {On Polynomial-Factor Approximations to the Shortest
                  Lattice Vector Length},
  journal      = {SIAM J.~Discrete Math.},
  volume       = 16,
  number       = 3,
  year	       = 2003,
  pages	       = {422-425},
  note	       = {Preliminary version in SODA 2001},
  prelimyear   = 2001
}

@InProceedings{DBLP:conf/focs/AharonovR03,
  author       = {Dorit Aharonov and Oded Regev},
  title	       = {A Lattice Problem in Quantum {NP}},
  booktitle    = {FOCS},
  year	       = 2003,
  pages	       = {210-219}
}

@Article{DBLP:journals/cc/GuruswamiMR05,
  author       = {Venkatesan Guruswami and Daniele Micciancio and Oded
                  Regev},
  title	       = {The complexity of the covering radius problem},
  journal      = {Computational Complexity},
  volume       = 14,
  number       = 2,
  year	       = 2005,
  pages	       = {90-121},
  note	       = {Preliminary version in CCC 2004},
  prelimyear   = 2004
}

@InProceedings{DBLP:conf/coco/HavivR06,
  author       = {Ishay Haviv and Oded Regev},
  title	       = {Hardness of the Covering Radius Problem on Lattices},
  booktitle    = {IEEE Conference on Computational Complexity},
  year	       = 2006,
  pages	       = {145-158}
}

@InProceedings{DBLP:conf/focs/AlekhnovichKKV05,
  author       = {Mikhail Alekhnovich and Subhash Khot and Guy Kindler
                  and Nisheeth K. Vishnoi},
  title	       = {Hardness of Approximating the Closest Vector Problem
                  with Pre-Processing},
  booktitle    = {FOCS},
  year	       = 2005,
  pages	       = {216-225}
}

@InProceedings{DBLP:conf/ctrsa/HoffsteinHPSW03,
  author       = {Jeffrey Hoffstein and Nick Howgrave-Graham and Jill
                  Pipher and Joseph H. Silverman and William Whyte},
  title	       = {{NTRUSIGN}: Digital Signatures Using the {NTRU}
                  Lattice},
  booktitle    = {CT-RSA},
  year	       = 2003,
  pages	       = {122-140}
}

@InProceedings{DBLP:conf/ants/HoffsteinPS98,
  author       = {Jeffrey Hoffstein and Jill Pipher and Joseph
                  H. Silverman},
  title	       = {{NTRU}: A Ring-Based Public Key Cryptosystem},
  booktitle    = {ANTS},
  year	       = 1998,
  pages	       = {267-288}
}

@Article{DBLP:journals/joc/NguyenR09,
  author       = {Phong Q. Nguyen and Oded Regev},
  title	       = {Learning a Parallelepiped: Cryptanalysis of {GGH}
                  and {NTRU} Signatures},
  journal      = {J.~Cryptology},
  volume       = 22,
  number       = 2,
  year	       = 2009,
  pages	       = {139-160},
  note	       = {Preliminary version in Eurocrypt 2006},
  prelimyear   = 2006
}

@InProceedings{DBLP:conf/crypto/Nguyen99,
  author       = {Phong Q. Nguyen},
  title	       = {Cryptanalysis of the {Goldreich-Goldwasser-Halevi}
                  Cryptosystem from {Crypto} '97},
  booktitle    = {CRYPTO},
  year	       = 1999,
  pages	       = {288-304}
}

@Article{DBLP:journals/eccc/ECCC-TR96-042,
  author       = {Oded Goldreich and Shafi Goldwasser and Shai Halevi},
  title	       = {Collision-Free Hashing from Lattice Problems},
  journal      = {Electronic Colloquium on Computational Complexity
                  (ECCC)},
  volume       = 3,
  number       = 42,
  year	       = 1996
}

@Article{DBLP:journals/jacm/Khot05,
  author       = {Subhash Khot},
  title	       = {Hardness of approximating the shortest vector
                  problem in lattices},
  journal      = {J.~ACM},
  volume       = 52,
  number       = 5,
  year	       = 2005,
  pages	       = {789-808},
  note	       = {Preliminary version in FOCS 2004},
  prelimyear   = 2004
}

@Article{DBLP:journals/jacm/Regev04,
  author       = {Oded Regev},
  title	       = {New lattice-based cryptographic constructions},
  journal      = {J.~ACM},
  volume       = 51,
  number       = 6,
  year	       = 2004,
  pages	       = {899-942},
  note	       = {Preliminary version in STOC 2003},
  prelimyear   = 2003
}

@InProceedings{DBLP:conf/eurocrypt/HoffsteinPS01,
  author       = {Jeffrey Hoffstein and Jill Pipher and Joseph
                  H. Silverman},
  title	       = {{NSS:} An {NTRU} Lattice-Based Signature Scheme},
  booktitle    = {EUROCRYPT},
  year	       = 2001,
  pages	       = {211-228}
}

@Article{DBLP:journals/jcss/AroraBSS97,
  author       = {Sanjeev Arora and L{\'a}szl{\'o} Babai and Jacques
                  Stern and Z. Sweedyk},
  title	       = {The Hardness of Approximate Optima in Lattices,
                  Codes, and Systems of Linear Equations},
  journal      = {J.~Comput. Syst. Sci.},
  volume       = 54,
  number       = 2,
  year	       = 1997,
  pages	       = {317-331},
  note	       = {Preliminary version in FOCS 1993},
  prelimyear   = 1993
}

@Article{DBLP:journals/jcss/CaiN99,
  author       = {Jin-Yi Cai and Ajay Nerurkar},
  title	       = {Approximating the {SVP} to within a Factor
                  (1+1/dim$^{\epsilon}$) Is {NP}-Hard under Randomized
                  Reductions},
  journal      = {J.~Comput. Syst. Sci.},
  volume       = 59,
  number       = 2,
  year	       = 1999,
  pages	       = {221-239},
  note	       = {Preliminary version in CCC 1998},
  prelimyear   = 1998
}

@InProceedings{DBLP:conf/eurocrypt/CoppersmithS97,
  author       = {Don Coppersmith and Adi Shamir},
  title	       = {Lattice Attacks on {NTRU}},
  booktitle    = {EUROCRYPT},
  year	       = 1997,
  pages	       = {52-61}
}

@Article{DBLP:journals/jcss/Khot06,
  author       = {Subhash Khot},
  title	       = {Hardness of approximating the Shortest Vector
                  Problem in high {\it $L_{p}$} norms},
  journal      = {J.~Comput. Syst. Sci.},
  volume       = 72,
  number       = 2,
  year	       = 2006,
  pages	       = {206-219},
  note	       = {Preliminary version in FOCS 2003},
  prelimyear   = 2003
}

@Article{DBLP:journals/siamcomp/Micciancio00,
  author       = {Daniele Micciancio},
  title	       = {The Shortest Vector in a Lattice is Hard to
                  Approximate to within Some Constant},
  journal      = {SIAM J.~Comput.},
  volume       = 30,
  number       = 6,
  year	       = 2000,
  pages	       = {2008-2035},
  note	       = {Preliminary version in FOCS 1998},
  prelimyear   = 1998
}

@Book{MGbook,
  author       = {Daniele Micciancio and Shafi Goldwasser},
  title	       = {Complexity of Lattice Problems: a cryptographic
                  perspective},
  publisher    = {Kluwer Academic Publishers},
  series       = {The Kluwer International Series in Engineering and
                  Computer Science},
  year	       = 2002,
  volume       = 671,
  address      = {Boston, Massachusetts}
}

@Article{lovasz92,
  author       = {L{\'a}szl{\'o} Lov\'{a}sz and Herbert E. Scarf},
  title	       = {The generalized basis reduction algorithm},
  journal      = {Math. Oper. Res.},
  volume       = 17,
  number       = 3,
  year	       = 1992,
  issn	       = {0364-765X},
  pages	       = {751-764},
  publisher    = {INFORMS},
  address      = {Institute for Operations Research and the Management
                  Sciences (INFORMS), Linthicum, Maryland, USA}
}

@Article{mazo90:_lattic_point_high_dimen_spher,
  author       = {James E. Mazo and Andrew M. Odlyzko},
  title	       = {Lattice points in high-dimensional spheres},
  journal      = {Monatshefte f{\"u}r Mathematik},
  year	       = 1990,
  volume       = 110,
  number       = 1,
  pages	       = {47-61},
  month	       = {March}
}

@TechReport{emde81:_anoth_np,
  author       = {Peter van Emde Boas},
  title	       = {Another {NP}-complete problem and the complexity of
                  computing short vectors in a lattice},
  institution  = {University of Amsterdam},
  year	       = 1981,
  number       = {81-04}
}

@Article{peikert08:_limit_hardn_of_lattic_probl,
  author       = {Chris Peikert},
  title	       = {Limits on the Hardness of Lattice Problems in
                  $\ell_p$ Norms},
  journal      = {Computational Complexity},
  year	       = 2008,
  volume       = 17,
  number       = 2,
  pages	       = {300-351},
  month	       = {May},
  note	       = {Preliminary version in CCC 2007},
  prelimyear   = 2007
}

@InProceedings{DBLP:conf/stoc/PeikertR07,
  author       = {Chris Peikert and Alon Rosen},
  title	       = {Lattices that admit logarithmic worst-case to
                  average-case connection factors.},
  booktitle    = {STOC},
  year	       = 2007,
  pages	       = {478-487}
}

@InProceedings{DBLP:conf/stoc/HavivR07,
  author       = {Ishay Haviv and Oded Regev},
  title	       = {Tensor-based hardness of the shortest vector problem
                  to within almost polynomial factors},
  booktitle    = {STOC},
  year	       = 2007,
  pages	       = {469-477}
}

@Article{DBLP:journals/jcss/Papadimitriou94,
  author       = {Christos H. Papadimitriou},
  title	       = {On the Complexity of the Parity Argument and Other
                  Inefficient Proofs of Existence},
  journal      = {J.~Comput. Syst. Sci.},
  volume       = 48,
  number       = 3,
  year	       = 1994,
  pages	       = {498-532}
}

@Article{DBLP:journals/aaecc/Bosma90,
  author       = {Wieb Bosma},
  title	       = {Canonical Bases for Cyclotomic Fields},
  journal      = {Appl. Algebra Eng. Commun. Comput.},
  volume       = 1,
  year	       = 1990,
  pages	       = {125-134}
}

@InProceedings{DBLP:conf/stoc/Kannan83,
  author       = {Ravi Kannan},
  title	       = {Improved Algorithms for Integer Programming and
                  Related Lattice Problems},
  booktitle    = {STOC},
  year	       = 1983,
  pages	       = {193-206}
}

@Misc{micciancio14:_lattic_algor_applic,
  author       = {Daniele Micciancio},
  title	       = {Lecture notes on Lattice Algorithms and
                  Applications},
  year	       = 2014,
  note	       = {Available at
                  \url{http://cseweb.ucsd.edu/~daniele/classes.html},
                  last accessed 17 Oct 2014}
}

@Misc{regev04:_lectur_notes_lattic_in_comput_scien,
  author       = {Oded Regev},
  title	       = {Lecture notes on lattices in computer science},
  year	       = 2004,
  note	       = {Available at
                  \url{http://www.cs.tau.ac.il/~odedr/teaching/lattices_fall_2004/index.html},
                  last accessed 28 Feb 2008}
}

@Book{cohen93:_cours_comput_algeb_number_theor,
  author =	 {Henri Cohen},
  title = 	 {A Course in Computational Algebraic Number Theory},
  publisher = 	 {Springer},
  year = 	 1993
}

@Misc{toussaint09:_lectur_notes,
  author       = {Marc Toussaint},
  title	       = {Lecture notes: Gaussian identities},
  year	       = 2009,
  note	       = {Available at
                  \url{http://user.cs.tu-berlin.de/~mtoussai/notes/gaussians.pdf},
                  last accessed 17 Feb 2010}
}

@InBook{vershynin12:_compr_sensin_theor_applic,
  author       = {Roman Vershynin},
  title        = {{I}ntroduction to the non-asymptotic analysis of
                  random matrices},
  chapter      = 5,
  publisher    = {Cambridge University Press},
  year         = 2012,
  pages        = {210-268},
  note         = {Available at
                  \url{http://www-personal.umich.edu/~romanv/papers/non-asymptotic-rmt-plain.pdf}},
  booktitle    = {{C}ompressed {S}ensing: {T}heory and {A}pplications}
}

@Misc{SteinOnlineBook,
  author       = {William Stein},
  title	       = {A Brief Introduction To Classical And Adelic
                  Algebraic Number Theory},
  year	       = 2004,
  note	       = {Available at
                  \url{http://modular.math.washington.edu/papers/ant/},
                  last accessed 12 Oct 2009}
}

@Book {LangBook,
  author       = {Lang, Serge},
  title	       = {Algebraic number theory},
  series       = {Graduate Texts in Mathematics},
  volume       = 110,
  edition      = {Second},
  publisher    = {Springer-Verlag},
  address      = {New York},
  year	       = 1994,
  pages	       = {xiv+357},
  isbn_	       = {0-387-94225-4},
  mrclass      = {11Rxx (11-01 11-02)},
  mrnumber     = {1282723 (95f:11085)},
  mrreviewer   = {M. Ram Murty}
}

@Book {MarcusBook77,
  author       = {Marcus, Daniel A.},
  title	       = {Number fields},
  note	       = {Universitext},
  publisher    = {Springer-Verlag},
  address      = {New York},
  year	       = 1977,
  pages	       = {viii+279},
  isbn	       = {0-387-90279-1},
  mrclass      = {12-01},
  mrnumber     = {0457396 (56 \#15601)},
  mrreviewer   = {Ezra Brown}
}

@InCollection{roquette67:_class_field_towers,
  author       = {Peter Roquette},
  title	       = {On class field towers},
  booktitle    = {Algebraic Number Theory},
  pages	       = {231-249},
  publisher    = {Academic Press},
  year	       = 1967,
  editor       = {John William Scott Cassels and Albrecht
                  Fr{\"o}hlich}
}

@Misc{ConradDifferentIdeal,
  author       = {Keith Conrad},
  title	       = {The Different Ideal},
  year	       = 2009,
  note	       = {Available at
                  \url{http://www.math.uconn.edu/~kconrad/blurbs/},
                  last accessed 12 Oct 2009}
}

@Misc{ConradConductorIdeal,
  author       = {Keith Conrad},
  title	       = {The Conductor Ideal},
  year	       = 2009,
  note	       = {Available at
                  \url{http://www.math.uconn.edu/~kconrad/blurbs/},
                  last accessed 14 May 2019}
}

@Article{kshirsagar59:_bartl_decom_and_wishar_distr,
  author       = {A. M. Kshirsagar},
  title	       = {Bartlett Decomposition and {Wishart} Distribution},
  journal      = {The Annals of Mathematical Statistics},
  year	       = 1959,
  volume       = 30,
  number       = 1,
  pages	       = {239-241},
  month	       = {March},
  note	       = {Available at
                  \url{http://www.jstor.org/stable/2237140}}
}

@Article{erdos46:_coeff_of_cyclot_polyn,
  author       = {Paul Erd{\H{o}}s},
  title	       = {On the coefficients of the cyclotomic polynomial},
  journal      = {Bulletin of the American Mathematical Society},
  year	       = 1946,
  volume       = 52,
  number       = 2,
  pages	       = {179-184}
}

@Book{shoup2009computational,
  title	       = {A Computational Introduction to Number Theory and
                  Algebra},
  author       = {Victor Shoup},
  isbn_	       = 9780521516440,
  lccn_	       = 2009288443,
  year	       = 2009,
  publisher    = {Cambridge University Press}
}

@Book{washington1997introduction,
  author       = {Lawrence C. Washington},
  title        = {Introduction to Cyclotomic Fields},
  publisher    = {Springer New York},
  year         = 1997,
  series       = {Graduate Texts in Mathematics}
}

@Book{conwaysloane99:_splag,
  author       = {John Conway and Neil J. A. Sloane},
  title        = {Sphere Packings, Lattices and Groups},
  publisher    = {Springer-Verlag New York},
  year         = 1999,
  edition      = {Third}
}

@Book{matsumura89:_commutative,
  author       = {Hideyuki Matsumura},
  title        = {Commutative ring theory},
  publisher    = {Cambridge University Press},
  year         = 1989,
  volume       = {8 (2nd ed.)},
  series       = {Cambridge Studied in Advanced Mathematics}
}

